<?xml version="1.0" encoding="UTF-8"?>
<!DOCTYPE html PUBLIC "-//W3C//DTD XHTML 1.0 Transitional//EN"
    "http://www.w3.org/TR/xhtml1/DTD/xhtml1-transitional.dtd">
<html xmlns="http://www.w3.org/1999/xhtml" xml:lang="en" lang="en">
 <head>
  <title>
</title>
<meta http-equiv="Content-Type" content="text/html;charset=utf-8" />
  <meta name='ocr-system' content='tesseract 3.04.00' />
  <meta name='ocr-capabilities' content='ocr_page ocr_carea ocr_par ocr_line ocrx_word'/>
</head>
<body>
  <div class='ocr_page' id='page_1' title='image "./floraaltaica01lede_0159.png"; bbox 0 0 2089 3723; ppageno 0'>
   <div class='ocr_carea' id='block_1_1' title="bbox 586 109 1878 199">
    <p class='ocr_par' dir='ltr' id='par_1_1' title="bbox 586 109 1878 199">
     <span class='ocr_line' id='line_1_1' title="bbox 586 109 1878 199; baseline -0.002 -7"><span class='ocrx_word' id='word_1_1' title='bbox 586 109 685 199; x_wconf 62' lang='grc' dir='ltr'>οι.</span> <span class='ocrx_word' id='word_1_2' title='bbox 727 133 837 193; x_wconf 79' lang='lat' dir='ltr'>lv.</span> <span class='ocrx_word' id='word_1_3' title='bbox 922 128 1315 191; x_wconf 70' lang='lat' dir='ltr'>Tetrandria.</span> <span class='ocrx_word' id='word_1_4' title='bbox 1763 130 1878 190; x_wconf 85' lang='lat'>131</span> 
     </span>
    </p>
   </div>
   <div class='ocr_carea' id='block_1_2' title="bbox 24 280 1886 831">
    <p class='ocr_par' dir='ltr' id='par_1_2' title="bbox 24 280 1886 831">
     <span class='ocr_line' id='line_1_2' title="bbox 27 280 1883 360; baseline -0.005 -19"><span class='ocrx_word' id='word_1_5' title='bbox 27 291 288 360; x_wconf 83' lang='lat' dir='ltr'>ampliore</span> <span class='ocrx_word' id='word_1_6' title='bbox 322 288 502 340; x_wconf 90' lang='lat' dir='ltr'>minus</span> <span class='ocrx_word' id='word_1_7' title='bbox 539 284 740 351; x_wconf 84' lang='lat' dir='ltr'>denso;</span> <span class='ocrx_word' id='word_1_8' title='bbox 794 284 1015 337; x_wconf 87' lang='lat' dir='ltr'>floribus</span> <span class='ocrx_word' id='word_1_9' title='bbox 1062 284 1221 354; x_wconf 87' lang='lat' dir='ltr'>paulo</span> <span class='ocrx_word' id='word_1_10' title='bbox 1269 280 1597 347; x_wconf 69' lang='lat' dir='ltr'>minoribusg</span> <span class='ocrx_word' id='word_1_11' title='bbox 1654 281 1883 335; x_wconf 90' lang='lat' dir='ltr'>achenio</span> 
     </span>
     <span class='ocr_line' id='line_1_3' title="bbox 25 377 1883 448; baseline -0.004 -13"><span class='ocrx_word' id='word_1_12' title='bbox 25 388 137 436; x_wconf 85' lang='lat' dir='ltr'>fere</span> <span class='ocrx_word' id='word_1_13' title='bbox 187 381 359 448; x_wconf 86' lang='lat' dir='ltr'>nud0‚</span> <span class='ocrx_word' id='word_1_14' title='bbox 412 400 509 434; x_wconf 88' lang='lat' dir='ltr'>nec</span> <span class='ocrx_word' id='word_1_15' title='bbox 557 382 734 447; x_wconf 84' lang='lat' dir='ltr'>calyce</span> <span class='ocrx_word' id='word_1_16' title='bbox 786 387 1073 443; x_wconf 83' lang='lat' dir='ltr'>coronato3</span> <span class='ocrx_word' id='word_1_17' title='bbox 1139 379 1347 429; x_wconf 81' lang='lat' dir='ltr'><strong>bractea</strong></span> <span class='ocrx_word' id='word_1_18' title='bbox 1389 377 1602 427; x_wconf 87' lang='lat' dir='ltr'>minore</span> <span class='ocrx_word' id='word_1_19' title='bbox 1652 379 1883 443; x_wconf 85' lang='lat' dir='ltr'>oblonga</span> 
     </span>
     <span class='ocr_line' id='line_1_4' title="bbox 25 471 1886 537; baseline -0.006 -5"><span class='ocrx_word' id='word_1_20' title='bbox 25 497 124 532; x_wconf 86' lang='lat' dir='ltr'>nec</span> <span class='ocrx_word' id='word_1_21' title='bbox 160 481 404 530; x_wconf 74' lang='lat' dir='ltr'>obovata.</span> <span class='ocrx_word' id='word_1_22' title='bbox 457 475 734 527; x_wconf 89' lang='lat' dir='ltr'>Foliorum</span> <span class='ocrx_word' id='word_1_23' title='bbox 775 477 930 525; x_wconf 90' lang='lat' dir='ltr'>lobus</span> <span class='ocrx_word' id='word_1_24' title='bbox 971 473 1208 525; x_wconf 82' lang='lat' dir='ltr'>extimus</span> <span class='ocrx_word' id='word_1_25' title='bbox 1245 471 1341 523; x_wconf 85' lang='lat' dir='ltr'>vix</span> <span class='ocrx_word' id='word_1_26' title='bbox 1375 474 1562 537; x_wconf 78' lang='lat' dir='ltr'>major,</span> <span class='ocrx_word' id='word_1_27' title='bbox 1599 473 1683 523; x_wconf 82' lang='lat' dir='ltr'>uti</span> <span class='ocrx_word' id='word_1_28' title='bbox 1721 473 1886 523; x_wconf 80' lang='lat' dir='ltr'>etiam</span> 
     </span>
     <span class='ocr_line' id='line_1_5' title="bbox 31 567 1886 640; baseline -0.005 -13"><span class='ocrx_word' id='word_1_29' title='bbox 31 576 259 628; x_wconf 85' lang='lat' dir='ltr'>Gmelini</span> <span class='ocrx_word' id='word_1_30' title='bbox 291 575 408 629; x_wconf 78' lang='lat' dir='ltr'>icon</span> <span class='ocrx_word' id='word_1_31' title='bbox 447 574 583 623; x_wconf 90' lang='lat' dir='ltr'>bene</span> <span class='ocrx_word' id='word_1_32' title='bbox 620 571 892 640; x_wconf 82' lang='lat' dir='ltr'>exprimit.</span> <span class='ocrx_word' id='word_1_33' title='bbox 953 567 1306 634; x_wconf 89' lang='lat' dir='ltr'>Synonymon</span> <span class='ocrx_word' id='word_1_34' title='bbox 1332 567 1560 618; x_wconf 83' lang='lat' dir='ltr'>Linnaez&#39;</span> <span class='ocrx_word' id='word_1_35' title='bbox 1590 568 1695 618; x_wconf 88' lang='lat' dir='ltr'>huc</span> <span class='ocrx_word' id='word_1_36' title='bbox 1733 584 1886 636; x_wconf 84' lang='lat' dir='ltr'>spec-</span> 
     </span>
     <span class='ocr_line' id='line_1_6' title="bbox 26 661 1883 732; baseline -0.005 -12"><span class='ocrx_word' id='word_1_37' title='bbox 26 679 140 720; x_wconf 80' lang='lat' dir='ltr'>tare</span> <span class='ocrx_word' id='word_1_38' title='bbox 176 686 247 722; x_wconf 80' lang='lat' dir='ltr'>ex</span> <span class='ocrx_word' id='word_1_39' title='bbox 283 666 527 732; x_wconf 83' lang='lat' dir='ltr'>ejusdem</span> <span class='ocrx_word' id='word_1_40' title='bbox 563 665 876 716; x_wconf 72' lang='lat' dir='ltr'>definitione</span> <span class='ocrx_word' id='word_1_41' title='bbox 931 672 985 714; x_wconf 92' lang='lat' dir='ltr'>et</span> <span class='ocrx_word' id='word_1_42' title='bbox 1035 679 1103 714; x_wconf 91' lang='lat' dir='ltr'>ex</span> <span class='ocrx_word' id='word_1_43' title='bbox 1145 661 1379 713; x_wconf 82' lang='lat' dir='ltr'>Gmelino</span> <span class='ocrx_word' id='word_1_44' title='bbox 1433 671 1596 732; x_wconf 78' lang='lat' dir='ltr'>patet.</span> <span class='ocrx_word' id='word_1_45' title='bbox 1673 661 1883 713; x_wconf 80' lang='lat' dir='ltr'>Nomen</span> 
     </span>
     <span class='ocr_line' id='line_1_7' title="bbox 24 759 1134 831; baseline -0.006 -15"><span class='ocrx_word' id='word_1_46' title='bbox 24 764 187 831; x_wconf 84' lang='lat' dir='ltr'>igitur</span> <span class='ocrx_word' id='word_1_47' title='bbox 223 764 434 815; x_wconf 76' lang='lat' dir='ltr'>triviale</span> <span class='ocrx_word' id='word_1_48' title='bbox 472 766 582 814; x_wconf 84' lang='lat' dir='ltr'>fors</span> <span class='ocrx_word' id='word_1_49' title='bbox 619 759 938 812; x_wconf 84' lang='lat' dir='ltr'>mutandum</span> <span class='ocrx_word' id='word_1_50' title='bbox 975 767 1134 810; x_wconf 89' lang='lat' dir='ltr'>esset.</span> 
     </span>
    </p>
   </div>
   <div class='ocr_carea' id='block_1_3' title="bbox 519 922 1407 986">
    <p class='ocr_par' dir='ltr' id='par_1_3' title="bbox 519 922 1407 986">
     <span class='ocr_line' id='line_1_8' title="bbox 519 922 1407 986; baseline -0.005 -8"><span class='ocrx_word' id='word_1_51' title='bbox 519 928 580 986; x_wconf 86' lang='lat'>2)</span> <span class='ocrx_word' id='word_1_52' title='bbox 636 925 911 977; x_wconf 63' lang='lat' dir='ltr'>Pumxm</span> <span class='ocrx_word' id='word_1_53' title='bbox 950 939 1205 975; x_wconf 65' lang='lat' dir='ltr'>smmum.</span> <span class='ocrx_word' id='word_1_54' title='bbox 1263 922 1407 974; x_wconf 81' lang='lat' dir='ltr'>Juss.</span> 
     </span>
    </p>
   </div>
   <div class='ocr_carea' id='block_1_4' title="bbox 30 1050 1886 1845">
    <p class='ocr_par' dir='ltr' id='par_1_4' title="bbox 30 1050 1886 1575">
     <span class='ocr_line' id='line_1_9' title="bbox 30 1050 1885 1135; baseline -0.007 -15"><span class='ocrx_word' id='word_1_55' title='bbox 30 1062 94 1121; x_wconf 88' lang='lat' dir='ltr'>P.</span> <span class='ocrx_word' id='word_1_56' title='bbox 141 1059 320 1120; x_wconf 84' lang='lat' dir='ltr'>caule</span> <span class='ocrx_word' id='word_1_57' title='bbox 363 1055 671 1117; x_wconf 83' lang='lat' dir='ltr'><strong>bifariam</strong></span> <span class='ocrx_word' id='word_1_58' title='bbox 715 1055 939 1135; x_wconf 84' lang='lat' dir='ltr'>piloso,</span> <span class='ocrx_word' id='word_1_59' title='bbox 1004 1053 1176 1113; x_wconf 87' lang='lat' dir='ltr'>foliis</span> <span class='ocrx_word' id='word_1_60' title='bbox 1236 1050 1624 1113; x_wconf 84' lang='lat' dir='ltr'>radicalibus</span> <span class='ocrx_word' id='word_1_61' title='bbox 1663 1067 1885 1108; x_wconf 89' lang='lat' dir='ltr'>nume-</span> 
     </span>
     <span class='ocr_line' id='line_1_10' title="bbox 109 1158 1883 1244; baseline -0.006 -15"><span class='ocrx_word' id='word_1_62' title='bbox 109 1168 268 1229; x_wconf 83' lang='lat' dir='ltr'>rosis</span> <span class='ocrx_word' id='word_1_63' title='bbox 313 1165 712 1226; x_wconf 76' lang='lat' dir='ltr'>difformibus</span> <span class='ocrx_word' id='word_1_64' title='bbox 774 1163 1147 1244; x_wconf 85' lang='lat' dir='ltr'>spathulatis</span> <span class='ocrx_word' id='word_1_65' title='bbox 1192 1158 1883 1242; x_wconf 77' lang='lat' dir='ltr'>oblongo-lanceolatis</span> 
     </span>
     <span class='ocr_line' id='line_1_11' title="bbox 114 1267 1886 1359; baseline -0.006 -22"><span class='ocrx_word' id='word_1_66' title='bbox 114 1276 379 1359; x_wconf 75' lang='lat' dir='ltr'>integris</span> <span class='ocrx_word' id='word_1_67' title='bbox 426 1273 697 1335; x_wconf 80' lang='lat' dir='ltr'>dentatis</span> <span class='ocrx_word' id='word_1_68' title='bbox 741 1270 1002 1332; x_wconf 84' lang='lat' dir='ltr'>serratis</span> <span class='ocrx_word' id='word_1_69' title='bbox 1044 1272 1145 1331; x_wconf 87' lang='lat' dir='ltr'>vel</span> <span class='ocrx_word' id='word_1_70' title='bbox 1191 1271 1444 1350; x_wconf 83' lang='lat' dir='ltr'>apicem</span> <span class='ocrx_word' id='word_1_71' title='bbox 1488 1288 1705 1327; x_wconf 86' lang='lat' dir='ltr'>versus</span> <span class='ocrx_word' id='word_1_72' title='bbox 1751 1267 1886 1346; x_wconf 89' lang='lat' dir='ltr'>pin—</span> 
     </span>
     <span class='ocr_line' id='line_1_12' title="bbox 114 1359 1882 1460; baseline -0.007 -13"><span class='ocrx_word' id='word_1_73' title='bbox 114 1385 424 1459; x_wconf 71' lang='lat' dir='ltr'>natifidis3</span> <span class='ocrx_word' id='word_1_74' title='bbox 472 1381 744 1442; x_wconf 66' lang='lat' dir='ltr'>caulinis</span> <span class='ocrx_word' id='word_1_75' title='bbox 789 1359 1464 1460; x_wconf 33' lang='lat' dir='ltr'>pinnatis—calyeibus</span> <span class='ocrx_word' id='word_1_76' title='bbox 1507 1376 1574 1435; x_wconf 75' lang='lat' dir='ltr'>in</span> <span class='ocrx_word' id='word_1_77' title='bbox 1620 1375 1882 1435; x_wconf 68' lang='lat' dir='ltr'>acne-nio</span> 
     </span>
     <span class='ocr_line' id='line_1_13' title="bbox 115 1484 1538 1575; baseline -0.008 -19"><span class='ocrx_word' id='word_1_78' title='bbox 115 1492 486 1575; x_wconf 83' lang='lat' dir='ltr'>majusculis</span> <span class='ocrx_word' id='word_1_79' title='bbox 533 1491 567 1551; x_wconf 87' lang='lat'>5</span> <span class='ocrx_word' id='word_1_80' title='bbox 614 1490 777 1564; x_wconf 85' lang='lat' dir='ltr'>fidis,</span> <span class='ocrx_word' id='word_1_81' title='bbox 821 1486 1082 1547; x_wconf 86' lang='lat' dir='ltr'>floribus</span> <span class='ocrx_word' id='word_1_82' title='bbox 1126 1484 1538 1568; x_wconf 83' lang='lat' dir='ltr'>corymbosis.</span> 
     </span>
    </p>

    <p class='ocr_par' dir='ltr' id='par_1_5' title="bbox 172 1589 1884 1845">
     <span class='ocr_line' id='line_1_14' title="bbox 172 1589 1882 1663; baseline -0.01 -7"><span class='ocrx_word' id='word_1_83' title='bbox 172 1604 233 1656; x_wconf 86' lang='lat' dir='ltr'>P.</span> <span class='ocrx_word' id='word_1_84' title='bbox 272 1602 497 1653; x_wconf 83' lang='lat' dir='ltr'>sibirica.</span> <span class='ocrx_word' id='word_1_85' title='bbox 549 1600 691 1651; x_wconf 81' lang='lat' dir='ltr'>Juss.</span> <span class='ocrx_word' id='word_1_86' title='bbox 726 1603 759 1649; x_wconf 89' lang='grc' dir='ltr'>Ζ.</span> <span class='ocrx_word' id='word_1_87' title='bbox 793 1617 837 1649; x_wconf 89' lang='lat' dir='ltr'>c.</span> <span class='ocrx_word' id='word_1_88' title='bbox 877 1623 950 1631; x_wconf 91' lang='grc'>--</span> <span class='ocrx_word' id='word_1_89' title='bbox 999 1597 1201 1646; x_wconf 80' lang='lat' dir='ltr'>Sclzult.</span> <span class='ocrx_word' id='word_1_90' title='bbox 1236 1597 1380 1663; x_wconf 80' lang='lat' dir='ltr'>Syst.</span> <span class='ocrx_word' id='word_1_91' title='bbox 1420 1613 1530 1660; x_wconf 59' lang='lat' dir='ltr'>reg.</span> <span class='ocrx_word' id='word_1_92' title='bbox 1560 1591 1674 1642; x_wconf 89' lang='lat' dir='ltr'>III.</span> <span class='ocrx_word' id='word_1_93' title='bbox 1712 1611 1768 1660; x_wconf 83' lang='lat' dir='ltr'>p.</span> <span class='ocrx_word' id='word_1_94' title='bbox 1795 1589 1882 1641; x_wconf 78' lang='lat'>89.</span> 
     </span>
     <span class='ocr_line' id='line_1_15' title="bbox 242 1683 1884 1764; baseline -0.008 -15"><span class='ocrx_word' id='word_1_95' title='bbox 242 1700 345 1749; x_wconf 89' lang='lat' dir='ltr'>No.</span> <span class='ocrx_word' id='word_1_96' title='bbox 374 1696 421 1746; x_wconf 86' lang='lat'>1.</span> <span class='ocrx_word' id='word_1_97' title='bbox 463 1697 645 1747; x_wconf 71' lang='lat' dir='ltr'>DIant.</span> <span class='ocrx_word' id='word_1_98' title='bbox 680 1716 742 1764; x_wconf 84' lang='lat' dir='ltr'>P·</span> <span class='ocrx_word' id='word_1_99' title='bbox 766 1693 854 1745; x_wconf 85' lang='lat'>4&#39;7.</span> <span class='ocrx_word' id='word_1_100' title='bbox 886 1718 956 1728; x_wconf 90' lang='lat'>--</span> <span class='ocrx_word' id='word_1_101' title='bbox 994 1692 1258 1760; x_wconf 79' lang='lat' dir='ltr'>Sprengel.</span> <span class='ocrx_word' id='word_1_102' title='bbox 1289 1692 1428 1760; x_wconf 81' lang='lat' dir='ltr'>Syst.</span> <span class='ocrx_word' id='word_1_103' title='bbox 1456 1709 1568 1756; x_wconf 77' lang='lat' dir='ltr'>veg.</span> <span class='ocrx_word' id='word_1_104' title='bbox 1599 1688 1647 1739; x_wconf 93' lang='lat' dir='ltr'>I.</span> <span class='ocrx_word' id='word_1_105' title='bbox 1686 1706 1739 1755; x_wconf 83' lang='lat' dir='ltr'>p.</span> <span class='ocrx_word' id='word_1_106' title='bbox 1764 1683 1884 1737; x_wconf 77' lang='grc'><strong>385.</strong></span> 
     </span>
     <span class='ocr_line' id='line_1_16' title="bbox 243 1790 438 1845; baseline -0.01 0"><span class='ocrx_word' id='word_1_107' title='bbox 243 1795 348 1845; x_wconf 90' lang='lat' dir='ltr'>No.</span> <span class='ocrx_word' id='word_1_108' title='bbox 389 1790 438 1844; x_wconf 89' lang='lat'>1.</span> 
     </span>
    </p>
   </div>
   <div class='ocr_carea' id='block_1_5' title="bbox 173 1887 1942 2050">
    <p class='ocr_par' dir='ltr' id='par_1_6' title="bbox 173 1887 1942 2050">
     <span class='ocr_line' id='line_1_17' title="bbox 173 1887 790 1944; baseline -0.013 0"><span class='ocrx_word' id='word_1_109' title='bbox 173 1893 236 1944; x_wconf 92' lang='lat' dir='ltr'>P.</span> <span class='ocrx_word' id='word_1_110' title='bbox 274 1896 538 1940; x_wconf 82' lang='lat' dir='ltr'>coron-ata.</span> <span class='ocrx_word' id='word_1_111' title='bbox 615 1887 790 1938; x_wconf 79' lang='lat' dir='ltr'>Fisclz.</span> 
     </span>
     <span class='ocr_line' id='line_1_18' title="bbox 173 1974 1942 2050; baseline -0.008 -12"><span class='ocrx_word' id='word_1_112' title='bbox 173 1986 459 2038; x_wconf 81' lang='lat' dir='ltr'>Valeriana</span> <span class='ocrx_word' id='word_1_113' title='bbox 508 1983 735 2033; x_wconf 87' lang='lat' dir='ltr'>sibirica.</span> <span class='ocrx_word' id='word_1_114' title='bbox 810 1982 867 2050; x_wconf 80' lang='grc' dir='ltr'>β.</span> <span class='ocrx_word' id='word_1_115' title='bbox 922 1978 1195 2029; x_wconf 86' lang='lat' dir='ltr'>humilior.</span> <span class='ocrx_word' id='word_1_116' title='bbox 1278 1976 1441 2028; x_wconf 83' lang='lat' dir='ltr'>Gmel.</span> <span class='ocrx_word' id='word_1_117' title='bbox 1497 1974 1580 2027; x_wconf 81' lang='lat' dir='ltr'>Fl.</span> <span class='ocrx_word' id='word_1_118' title='bbox 1631 1976 1729 2026; x_wconf 80' lang='lat' dir='ltr'>sib.</span> <span class='ocrx_word' id='word_1_119' title='bbox 1769 1974 1881 2024; x_wconf 86' lang='lat' dir='ltr'>III.</span> <span class='ocrx_word' id='word_1_120' title='bbox 1936 2034 1942 2037; x_wconf 35' lang='grc'><strong>,</strong></span> 
     </span>
    </p>
   </div>
   <div class='ocr_carea' id='block_1_6' title="bbox 0 2075 1892 3387">
    <p class='ocr_par' dir='ltr' id='par_1_7' title="bbox 0 2075 1892 3387">
     <span class='ocr_line' id='line_1_19' title="bbox 240 2075 687 2150; baseline -0.009 -17"><span class='ocrx_word' id='word_1_121' title='bbox 240 2102 297 2150; x_wconf 81' lang='lat' dir='ltr'>p.</span> <span class='ocrx_word' id='word_1_122' title='bbox 340 2078 459 2131; x_wconf 83' lang='grc'><strong>123.</strong></span> <span class='ocrx_word' id='word_1_123' title='bbox 496 2079 600 2128; x_wconf 87' lang='lat' dir='ltr'>No.</span> <span class='ocrx_word' id='word_1_124' title='bbox 638 2075 687 2129; x_wconf 85' lang='lat'>3.</span> 
     </span>
     <span class='ocr_line' id='line_1_20' title="bbox 177 2160 1885 2239; baseline -0.007 -12"><span class='ocrx_word' id='word_1_125' title='bbox 177 2176 469 2228; x_wconf 85' lang='lat' dir='ltr'>Valeriana</span> <span class='ocrx_word' id='word_1_126' title='bbox 520 2173 818 2224; x_wconf 84' lang='lat' dir='ltr'>ruthenica.</span> <span class='ocrx_word' id='word_1_127' title='bbox 881 2171 1065 2224; x_wconf 70' lang='lat' dir='ltr'>Willd.</span> <span class='ocrx_word' id='word_1_128' title='bbox 1102 2189 1186 2239; x_wconf 83' lang='lat' dir='ltr'>sp.</span> <span class='ocrx_word' id='word_1_129' title='bbox 1220 2174 1294 2239; x_wconf 84' lang='lat' dir='ltr'>pl.</span> <span class='ocrx_word' id='word_1_130' title='bbox 1335 2169 1380 2218; x_wconf 88' lang='lat' dir='ltr'>I.</span> <span class='ocrx_word' id='word_1_131' title='bbox 1415 2188 1472 2235; x_wconf 80' lang='lat' dir='ltr'>p.</span> <span class='ocrx_word' id='word_1_132' title='bbox 1506 2161 1628 2216; x_wconf 84' lang='lat'><strong>181.</strong></span> <span class='ocrx_word' id='word_1_133' title='bbox 1665 2163 1767 2214; x_wconf 80' lang='lat' dir='ltr'>No,</span> <span class='ocrx_word' id='word_1_134' title='bbox 1796 2160 1885 2215; x_wconf 82' lang='lat'>21.</span> 
     </span>
     <span class='ocr_line' id='line_1_21' title="bbox 174 2258 1885 2331; baseline -0.008 -7"><span class='ocrx_word' id='word_1_135' title='bbox 174 2265 459 2324; x_wconf 86' lang='lat' dir='ltr'>Valeriana</span> <span class='ocrx_word' id='word_1_136' title='bbox 506 2272 651 2321; x_wconf 80' lang='lat' dir='ltr'>lutea</span> <span class='ocrx_word' id='word_1_137' title='bbox 697 2268 933 2319; x_wconf 90' lang='lat' dir='ltr'>humilis.</span> <span class='ocrx_word' id='word_1_138' title='bbox 1020 2265 1204 2319; x_wconf 85' lang='lat' dir='ltr'>Amm.</span> <span class='ocrx_word' id='word_1_139' title='bbox 1258 2269 1397 2317; x_wconf 79' lang='lat' dir='ltr'><strong>ruth.</strong></span> <span class='ocrx_word' id='word_1_140' title='bbox 1448 2283 1507 2331; x_wconf 79' lang='lat' dir='ltr'>p.</span> <span class='ocrx_word' id='word_1_141' title='bbox 1558 2258 1644 2312; x_wconf 84' lang='grc'>18.</span> <span class='ocrx_word' id='word_1_142' title='bbox 1693 2279 1746 2311; x_wconf 85' lang='lat' dir='ltr'>n.</span> <span class='ocrx_word' id='word_1_143' title='bbox 1794 2260 1885 2311; x_wconf 79' lang='grc'>25.</span> 
     </span>
     <span class='ocr_line' id='line_1_22' title="bbox 250 2366 531 2418; baseline 0.004 -1"><span class='ocrx_word' id='word_1_144' title='bbox 250 2369 384 2418; x_wconf 79' lang='lat' dir='ltr'>Tab.</span> <span class='ocrx_word' id='word_1_145' title='bbox 423 2366 531 2418; x_wconf 77' lang='lat' dir='ltr'>III.</span> 
     </span>
     <span class='ocr_line' id='line_1_23' title="bbox 174 2446 1420 2524; baseline -0.009 -10"><span class='ocrx_word' id='word_1_146' title='bbox 174 2460 336 2514; x_wconf 84' lang='lat' dir='ltr'>Fedia</span> <span class='ocrx_word' id='word_1_147' title='bbox 374 2446 605 2515; x_wconf 78' lang='lat' dir='ltr'>sibirica.</span> <span class='ocrx_word' id='word_1_148' title='bbox 679 2459 844 2512; x_wconf 77' lang='lat' dir='ltr'>Vahl.</span> <span class='ocrx_word' id='word_1_149' title='bbox 886 2457 1077 2510; x_wconf 81' lang='lat' dir='ltr'>Enum.</span> <span class='ocrx_word' id='word_1_150' title='bbox 1115 2458 1187 2508; x_wconf 92' lang='lat' dir='ltr'>II.</span> <span class='ocrx_word' id='word_1_151' title='bbox 1239 2475 1292 2524; x_wconf 83' lang='lat' dir='ltr'>p.</span> <span class='ocrx_word' id='word_1_152' title='bbox 1332 2453 1420 2504; x_wconf 89' lang='grc'>22.</span> 
     </span>
     <span class='ocr_line' id='line_1_24' title="bbox 37 2542 1884 2628; baseline -0.011 -15"><span class='ocrx_word' id='word_1_153' title='bbox 37 2559 98 2614; x_wconf 85' lang='lat' dir='ltr'>In</span> <span class='ocrx_word' id='word_1_154' title='bbox 135 2557 460 2628; x_wconf 80' lang='lat' dir='ltr'>rupestribus</span> <span class='ocrx_word' id='word_1_155' title='bbox 499 2557 792 2626; x_wconf 85' lang='lat' dir='ltr'>subalpinis</span> <span class='ocrx_word' id='word_1_156' title='bbox 830 2555 973 2606; x_wconf 84' lang='lat' dir='ltr'>haud</span> <span class='ocrx_word' id='word_1_157' title='bbox 1010 2570 1128 2605; x_wconf 84' lang='lat' dir='ltr'>rara</span> <span class='ocrx_word' id='word_1_158' title='bbox 1166 2551 1257 2621; x_wconf 88' lang='lat' dir='ltr'>(L.</span> <span class='ocrx_word' id='word_1_159' title='bbox 1284 2548 1374 2612; x_wconf 84' lang='lat' dir='ltr'>B.)</span> <span class='ocrx_word' id='word_1_160' title='bbox 1410 2546 1466 2596; x_wconf 88' lang='lat' dir='ltr'>fl.</span> <span class='ocrx_word' id='word_1_161' title='bbox 1495 2544 1622 2608; x_wconf 79' lang='lat' dir='ltr'>Mai.</span> <span class='ocrx_word' id='word_1_162' title='bbox 1655 2542 1777 2593; x_wconf 85' lang='lat' dir='ltr'>Jun.</span> <span class='ocrx_word' id='word_1_163' title='bbox 1806 2547 1884 2596; x_wconf 73' lang='lat'>21..</span> 
     </span>
     <span class='ocr_line' id='line_1_25' title="bbox 177 2643 1890 2718; baseline -0.01 -14"><span class='ocrx_word' id='word_1_164' title='bbox 177 2652 409 2704; x_wconf 84' lang='lat' dir='ltr'>Radix</span> <span class='ocrx_word' id='word_1_165' title='bbox 447 2669 616 2703; x_wconf 83' lang='lat' dir='ltr'>crassa</span> <span class='ocrx_word' id='word_1_166' title='bbox 654 2652 803 2717; x_wconf 78' lang='lat' dir='ltr'>nigra</span> <span class='ocrx_word' id='word_1_167' title='bbox 839 2652 1175 2718; x_wconf 80' lang='lat' dir='ltr'>graveolenS.</span> <span class='ocrx_word' id='word_1_168' title='bbox 1250 2643 1443 2696; x_wconf 86' lang='lat' dir='ltr'>Folia</span> <span class='ocrx_word' id='word_1_169' title='bbox 1491 2643 1756 2715; x_wconf 68' lang='lat' dir='ltr'>radicalia</span> <span class='ocrx_word' id='word_1_170' title='bbox 1792 2654 1890 2689; x_wconf 81' lang='lat' dir='ltr'>va·-</span> 
     </span>
     <span class='ocr_line' id='line_1_26' title="bbox 38 2734 1890 2815; baseline -0.01 -14"><span class='ocrx_word' id='word_1_171' title='bbox 38 2750 143 2815; x_wconf 80' lang='lat' dir='ltr'>ria,</span> <span class='ocrx_word' id='word_1_172' title='bbox 194 2750 283 2800; x_wconf 80' lang='lat' dir='ltr'>vel</span> <span class='ocrx_word' id='word_1_173' title='bbox 321 2746 850 2813; x_wconf 85' lang='lat' dir='ltr'>oblongo-linearia,</span> <span class='ocrx_word' id='word_1_174' title='bbox 903 2747 962 2795; x_wconf 89' lang='lat' dir='ltr'>in</span> <span class='ocrx_word' id='word_1_175' title='bbox 999 2743 1344 2813; x_wconf 81' lang='lat' dir='ltr'>petiolum</span> <span class='ocrx_word' id='word_1_176' title='bbox 1390 2738 1613 2800; x_wconf 83' lang='lat' dir='ltr'>longum</span> <span class='ocrx_word' id='word_1_177' title='bbox 1652 2734 1890 2784; x_wconf 65' lang='lat' dir='ltr'>ciliatum</span> 
     </span>
     <span class='ocr_line' id='line_1_27' title="bbox 41 2830 1891 2910; baseline -0.012 -13"><span class='ocrx_word' id='word_1_178' title='bbox 41 2854 344 2910; x_wconf 78' lang='lat' dir='ltr'>attenuata,</span> <span class='ocrx_word' id='word_1_179' title='bbox 395 2842 766 2908; x_wconf 71' lang='lat' dir='ltr'>integerrima,</span> <span class='ocrx_word' id='word_1_180' title='bbox 819 2842 906 2890; x_wconf 83' lang='lat' dir='ltr'>vel</span> <span class='ocrx_word' id='word_1_181' title='bbox 943 2841 1067 2889; x_wconf 87' lang='lat' dir='ltr'>hinc</span> <span class='ocrx_word' id='word_1_182' title='bbox 1104 2836 1232 2887; x_wconf 86' lang='lat' dir='ltr'>inde</span> <span class='ocrx_word' id='word_1_183' title='bbox 1271 2832 1627 2894; x_wconf 78' lang='lat' dir='ltr'>denticulata,</span> <span class='ocrx_word' id='word_1_184' title='bbox 1668 2830 1757 2880; x_wconf 86' lang='lat' dir='ltr'>vel</span> <span class='ocrx_word' id='word_1_185' title='bbox 1795 2830 1891 2877; x_wconf 71' lang='lat' dir='ltr'>oh-</span> 
     </span>
     <span class='ocr_line' id='line_1_28' title="bbox 0 2925 1892 3012; baseline -0.01 -22"><span class='ocrx_word' id='word_1_186' title='bbox 0 2990 8 3012; x_wconf 28' lang='lat'>}</span> <span class='ocrx_word' id='word_1_187' title='bbox 40 2942 215 3005; x_wconf 80' lang='lat' dir='ltr'>longa,</span> <span class='ocrx_word' id='word_1_188' title='bbox 257 2948 468 3001; x_wconf 77' lang='lat' dir='ltr'>serrata,</span> <span class='ocrx_word' id='word_1_189' title='bbox 511 2938 601 2988; x_wconf 86' lang='lat' dir='ltr'>vel</span> <span class='ocrx_word' id='word_1_190' title='bbox 639 2937 969 3005; x_wconf 70' lang='lat' dir='ltr'>spallmlata,</span> <span class='ocrx_word' id='word_1_191' title='bbox 1009 2933 1212 3001; x_wconf 78' lang='lat' dir='ltr'>apicem</span> <span class='ocrx_word' id='word_1_192' title='bbox 1250 2945 1435 2981; x_wconf 81' lang='lat' dir='ltr'>versus</span> <span class='ocrx_word' id='word_1_193' title='bbox 1474 2925 1892 2999; x_wconf 66' lang='lat' dir='ltr'>incise-pinna-</span> 
     </span>
     <span class='ocr_line' id='line_1_29' title="bbox 9 3016 1891 3102; baseline -0.011 -16"><span class='ocrx_word' id='word_1_194' title='bbox 9 3016 14 3023; x_wconf 28' lang='lat'><em>*</em></span> <span class='ocrx_word' id='word_1_195' title='bbox 41 3034 204 3099; x_wconf 71' lang='lat' dir='ltr'>mida,</span> <span class='ocrx_word' id='word_1_196' title='bbox 243 3036 334 3086; x_wconf 82' lang='lat' dir='ltr'>vel</span> <span class='ocrx_word' id='word_1_197' title='bbox 360 3032 586 3102; x_wconf 84' lang='lat' dir='ltr'>denique</span> <span class='ocrx_word' id='word_1_198' title='bbox 617 3049 647 3082; x_wconf 88' lang='lat' dir='ltr'>a</span> <span class='ocrx_word' id='word_1_199' title='bbox 682 3032 796 3082; x_wconf 84' lang='lat' dir='ltr'>basi</span> <span class='ocrx_word' id='word_1_200' title='bbox 825 3026 1176 3099; x_wconf 71' lang='lat' dir='ltr'>pinnatifida:</span> <span class='ocrx_word' id='word_1_201' title='bbox 1217 3025 1353 3076; x_wconf 86' lang='lat' dir='ltr'>lobis</span> <span class='ocrx_word' id='word_1_202' title='bbox 1379 3021 1737 3092; x_wconf 83' lang='lat' dir='ltr'>superioribus</span> <span class='ocrx_word' id='word_1_203' title='bbox 1765 3037 1891 3068; x_wconf 87' lang='lat' dir='ltr'>con-</span> 
     </span>
     <span class='ocr_line' id='line_1_30' title="bbox 43 3112 1892 3190; baseline -0.011 -8"><span class='ocrx_word' id='word_1_204' title='bbox 43 3131 354 3182; x_wconf 72' lang='lat' dir='ltr'>fluentibus,</span> <span class='ocrx_word' id='word_1_205' title='bbox 434 3127 671 3179; x_wconf 89' lang='lat' dir='ltr'>Caulis</span> <span class='ocrx_word' id='word_1_206' title='bbox 711 3127 948 3189; x_wconf 85' lang='lat' dir='ltr'>humilis,</span> <span class='ocrx_word' id='word_1_207' title='bbox 989 3133 1148 3187; x_wconf 79' lang='lat' dir='ltr'>teres,</span> <span class='ocrx_word' id='word_1_208' title='bbox 1189 3121 1438 3190; x_wconf 83' lang='lat' dir='ltr'>simplex,</span> <span class='ocrx_word' id='word_1_209' title='bbox 1479 3114 1770 3177; x_wconf 87' lang='lat' dir='ltr'>subnudus,</span> <span class='ocrx_word' id='word_1_210' title='bbox 1809 3112 1892 3163; x_wconf 63' lang='lat' dir='ltr'>bia</span> 
     </span>
     <span class='ocr_line' id='line_1_31' title="bbox 44 3208 1888 3296; baseline -0.011 -20"><span class='ocrx_word' id='word_1_211' title='bbox 44 3227 233 3278; x_wconf 83' lang='lat' dir='ltr'>fariam</span> <span class='ocrx_word' id='word_1_212' title='bbox 283 3226 504 3296; x_wconf 88' lang='lat' dir='ltr'>pilosus.</span> <span class='ocrx_word' id='word_1_213' title='bbox 591 3223 795 3274; x_wconf 87' lang='lat' dir='ltr'>Folia</span> <span class='ocrx_word' id='word_1_214' title='bbox 846 3225 1056 3271; x_wconf 73' lang='lat' dir='ltr'>caldina</span> <span class='ocrx_word' id='word_1_215' title='bbox 1105 3219 1353 3288; x_wconf 84' lang='lat' dir='ltr'>pinnata:</span> <span class='ocrx_word' id='word_1_216' title='bbox 1403 3213 1540 3264; x_wconf 90' lang='lat' dir='ltr'>lobis</span> <span class='ocrx_word' id='word_1_217' title='bbox 1584 3208 1888 3271; x_wconf 86' lang='lat' dir='ltr'>linearibus,</span> 
     </span>
     <span class='ocr_line' id='line_1_32' title="bbox 48 3300 1891 3387; baseline -0.012 -14"><span class='ocrx_word' id='word_1_218' title='bbox 48 3323 266 3387; x_wconf 78' lang='lat' dir='ltr'>obtusis,</span> <span class='ocrx_word' id='word_1_219' title='bbox 303 3319 681 3385; x_wconf 82' lang='lat' dir='ltr'>integerrimis.</span> <span class='ocrx_word' id='word_1_220' title='bbox 757 3314 1169 3382; x_wconf 85' lang='lat' dir='ltr'>Corymbus,</span> <span class='ocrx_word' id='word_1_221' title='bbox 1223 3327 1382 3382; x_wconf 88' lang='lat' dir='ltr'>quam</span> <span class='ocrx_word' id='word_1_222' title='bbox 1418 3311 1475 3358; x_wconf 86' lang='lat' dir='ltr'>in</span> <span class='ocrx_word' id='word_1_223' title='bbox 1512 3307 1677 3356; x_wconf 80' lang='lat' dir='ltr'>altera</span> <span class='ocrx_word' id='word_1_224' title='bbox 1714 3300 1891 3372; x_wconf 87' lang='lat' dir='ltr'>specie</span> 
     </span>
    </p>
   </div>
   <div class='ocr_carea' id='block_1_7' title="bbox 47 3398 1889 3547">
    <p class='ocr_par' dir='ltr' id='par_1_8' title="bbox 47 3398 1889 3547">
     <span class='ocr_line' id='line_1_33' title="bbox 47 3398 1889 3484; baseline -0.012 -16"><span class='ocrx_word' id='word_1_225' title='bbox 47 3415 292 3484; x_wconf 82' lang='lat' dir='ltr'>densior,</span> <span class='ocrx_word' id='word_1_226' title='bbox 330 3416 523 3467; x_wconf 87' lang='lat' dir='ltr'>minor.</span> <span class='ocrx_word' id='word_1_227' title='bbox 596 3415 637 3466; x_wconf 88' lang='lat' dir='ltr'>F</span> <span class='ocrx_word' id='word_1_228' title='bbox 652 3417 831 3466; x_wconf 85' lang='lat' dir='ltr'>lores</span> <span class='ocrx_word' id='word_1_229' title='bbox 879 3415 1107 3477; x_wconf 85' lang='lat' dir='ltr'>majores</span> <span class='ocrx_word' id='word_1_230' title='bbox 1126 3450 1143 3476; x_wconf 89' lang='lat'><em>,</em></span> <span class='ocrx_word' id='word_1_231' title='bbox 1191 3410 1391 3473; x_wconf 82' lang='lat' dir='ltr'>calyx</span> <span class='ocrx_word' id='word_1_232' title='bbox 1426 3405 1483 3454; x_wconf 91' lang='lat' dir='ltr'>in</span> <span class='ocrx_word' id='word_1_233' title='bbox 1520 3398 1738 3451; x_wconf 84' lang='lat' dir='ltr'>achenio</span> <span class='ocrx_word' id='word_1_234' title='bbox 1774 3412 1889 3447; x_wconf 58' lang='lat' dir='ltr'>mad</span> 
     </span>
     <span class='ocr_line' id='line_1_34' title="bbox 1360 3496 1442 3547; baseline 0 -14"><span class='ocrx_word' id='word_1_235' title='bbox 1360 3496 1442 3547; x_wconf 52' lang='lat'>9*</span> 
     </span>
    </p>
   </div>
  </div>
 </body>
</html>
