2089 3723
156 131 297 231 ἱ378
739 126 834 190 Cl.
881 129 959 192 V.
1046 127 1442 191 Pentandria.

168 280 454 353 kirghisico
506 282 572 336 ad
622 281 853 336 radicem
902 284 1098 337 montis
1133 282 1447 351 Tarbagatai
1492 284 1798 351 observata,
1851 281 2033 337 nobis·

167 383 388 436 omnino
423 383 625 447 ignota.

419 544 545 597 146.
602 541 1090 598 HALOGETON.
1148 543 1206 598 e.
1245 543 1316 596 A.
1355 544 1571 597 mma.
1628 542 1761 614 (M.)

303 651 580 705 Anabasz's
614 662 732 702 sect.
771 648 819 702 I.
853 651 1110 715 Semnan.
1153 656 1187 703 Z.
1220 671 1266 704 c.
1304 649 1537 722 (partim
1551 649 1589 718 ).

331 761 544 820 Flores
583 758 1106 838 hermaphroditi,
1145 758 1470 820 bracteati.
1555 759 1777 838 Sepala
1822 756 1860 816 3
1905 758 2005 816 vel

166 866 223 944 5,
270 868 531 929 demum
587 868 764 929 dorso
825 868 1242 929 transversim
1305 866 1800 949 appendiculata.
1886 861 2004 927 Co·

163 980 320 1039 rolla
365 990 426 1038 et
468 979 838 1057 squamulae
882 978 1262 1060 hypogynae
1306 982 1365 1038 Ο.
1442 975 1733 1038 Stamina
1775 976 1831 1047 1,
1860 975 1919 1048 3,
1944 974 2002 1048 5,

111 1158 117 1164 ,
165 1090 558 1168 receptaculo
594 1088 847 1169 inserta.
917 1088 1234 1170 Stigmata
1273 1089 1333 1162 2,
1379 1098 1643 1159 setacea,
1688 1082 1825 1143 basi
1861 1073 2032 1144 con-‘

164 1212 329 1259 nata.
415 1196 741 1257 Utriculus
807 1216 1237 1275 compressus,
1286 1184 1811 1257 *subchartaceus
1897 1193 2002 1254 Se-

164 1328 309 1367 men
345 1307 672 1375 verticale,
713 1305 1283 1380 exalbuminosum,
1325 1301 1776 1388 integumentis
1803 1321 2019 1361 mem--

161 1415 509 1477 branaoeis.
597 1413 883 1496 Embryo
929 1415 1214 1497 spiralis,
1273 1413 1796 1496 dicotyledoneus.
1886 1411 2005 1473 Ra-

165 1526 375 1588 dicula
419 1524 698 1587 dorsalis».

332 1636 595 1692 Plantae
634 1631 842 1712 quoad
876 1631 1153 1690 habitum
1188 1633 1271 1690 ad
1299 1632 1340 1694 S
1359 1634 1468 1694 als
1484 1654 1516 1690 ο
1536 1633 1605 1691 10
1620 1651 1648 1691 s
1691 1631 2001 1700 accedunt,

161 1747 263 1804 sed
305 1746 620 1802 distinctae
661 1745 885 1800 semine
926 1743 1232 1815 verticuli,
1279 1762 1382 1798 nec
1426 1741 1819 1799 horz’zontali.
1906 1739 2007 1799 Ab

161 1856 222 1915 A
241 1879 278 1915 n
302 1876 335 1914 a
351 1854 386 1912 b
406 1874 440 1913 a
457 1856 524 1913 si
584 1845 880 1935 differunt
935 1849 1179 1919 habitu,
1249 1852 1588 1929 squamulis
1644 1849 2004 1932 hypogynis

163 1965 346 2022 nullis
363 2007 376 2032 ‚
432 1963 612 2043 stylis
660 1962 960 2041 elongatis
1002 1962 1243 2018 setacez's
1257 2003 1274 2033 ,
1317 1980 1421 2017 nec
1465 1980 1591 2017 non
1635 1961 1860 2041 sepulis
1903 1960 2001 2017 de-

161 2096 333 2132 mum
390 2074 583 2129 auctis
640 2071 974 2128 utriculum
1030 2069 1469 2128 includentibus
1487 2113 1501 2139 ‚
1558 2071 1672 2127 alis
1712 2088 1858 2128 vero
1895 2090 2004 2149 pa-

162 2182 421 2242 tentibus
433 2200 454 2248 ;
501 2201 637 2238 cum
680 2183 746 2237 in
791 2179 851 2238 A
869 2202 906 2238 n
926 2199 959 2238 a
980 2178 1016 2237 b
1035 2201 1065 2238 a
1084 2179 1150 2238 si
1194 2182 1402 2258 sepala
1442 2180 1685 2237 demum
1722 2179 1834 2236 viae
1874 2199 2003 2235 ma-

148 2296 302 2375 jora
342 2291 627 2358 evadunt,
664 2289 767 2346 sed
808 2289 989 2346 dorso
1030 2291 1309 2346 emittunt
1339 2288 1471 2344 alas
1509 2287 1814 2344 maximas
1854 2289 2005 2345 utri-

164 2405 368 2462 culum
411 2400 804 2458 involventes.
892 2395 1103 2477 Hujus
1144 2399 1390 2478 generis
1431 2410 1573 2453 sunt
1616 2394 2004 2456 Anabasis

165 2508 737 2592 spinosissima
763 2551 781 2581 ,
861 2518 1015 2566 tam
1039 2505 1510 2567 ariscifolia
1536 2549 1553 2578 ,
1622 2504 2004 2583 oppositi-

164 2622 394 2691 flora,
442 2637 610 2676 mon
632 2638 719 2675 an
740 2616 896 2691 dra,
946 2618 1395 2699 glomerata
1435 2628 1490 2672 et
1513 2608 1793 2695 fortusse
1823 2616 2007 2672 etiam

168 2728 476 2793 Salsola
532 2725 808 2786 sativa.

395 2877 453 2943 1)
508 2879 848 2930 HALOGETON
887 2895 1270 2930 GLOMERATUS.
1334 2875 1391 2929 G.
1428 2876 1505 2929 A.
1546 2875 1760 2942 Meyer.

168 3007 249 3066 H.
298 3021 575 3073 annum,
634 3003 811 3061 caule
855 3020 1144 3073 ram050,
1199 2993 1686 3056 foliis'alternis
1729 2992 2007 3055 carnosis

249 3107 626 3192 cylindricis
695 3109 1120 3181 mucronatis,
1193 3105 1562 3187 glomerulis
1632 3101 2008 3164 dichotomis

253 3217 664 3291 axillaribus,
734 3218 990 3278 floribus
1057 3213 1473 3298 pentasepalis
1536 3210 1842 3274 triandris
1907 3209 2007 3271 de-

254 3347 434 3388 mum
494 3325 970 3405 quinquealatis.

309 3437 375 3487 H.
403 3438 742 3502 glomeratus,
796 3436 989 3487 Ledeb.
1023 3434 1096 3483 Ic.
1121 3436 1193 3502 pl.
1225 3432 1304 3484 Fe.
1339 3449 1468 3484 ross.
1508 3433 1597 3483 alt.
1640 3433 1823 3482 illustr.
1864 3438 1899 3479 1.
1915 3425 2002 3479 40.
