2089 3723
598 853 1446 943 PRAEFATIO.

99 1150 423 1256 Minime
468 1196 724 1274 quidem
766 1195 1021 1277 ignor-0,
1064 1196 1278 1275 qualia
1320 1197 1466 1271 sint,
1513 1217 1669 1275 quae
1714 1196 1964 1256 nostris-

101 1328 492 1407 temporibus
552 1331 696 1409 jure
758 1328 1111 1407 meritoque
1170 1330 1246 1390 ab
1311 1329 1420 1389 illo
1485 1328 1959 1403 desiderantur,-

100 1462 205 1540 qui
251 1463 506 1522 Floram
562 1463 753 1524 ullius
805 1463 1085 1546 regionis
1129 1463 1526 1525 conscribere
1578 1464 1762 1537 velit,
1822 1484 1938 1523 nec

97 1594 262 1655 mihi
306 1598 371 1654 in
420 1609 701 1659 mentem
746 1596 943 1673 venit,
989 1616 1094 1658 me
1131 1598 1349 1659 omnia
1392 1594 1763 1677 praestanda
1807 1616 1938 1657 esse

96 1732 585 1810 praestiturum,
645 1730 751 1792 cui
795 1752 918 1792 non
962 1731 1147 1792 licuit
1189 1731 1313 1793 nisi
1357 1751 1467 1813 per
1510 1730 1697 1792 unius
1741 1742 1935 1793 aesta-

97 1865 176 1926 tis
244 1829 519 1946 snati-um
579 1864 856 1927 Sibiriae
925 1876 1172 1945 partem
1239 1885 1592 1948 peragrare.
1694 1865 1936 1927 Tamen

93 1997 259 2059 haud
292 1997 641 2095 ‘ingratum
697 1997 834 2058 fore
878 1999 1195 2060 Botaniois
1250 2000 1499 2081 speravi
1543 2002 1933 2079 opuseulum,

92 2131 250 2212 quod
303 2130 666 2211 provinciae
711 2134 966 2193 Floram
1020 2146 1252 2195 tractat
1317 2132 1522 2195 adhue
1572 2131 1704 2192 fere
1749 2135 1932 2213 plane

92 2265 358 2348 ignotae.
432 2264 584 2324 {nde
622 2265 698 2324 ab
743 2264 853 2325 illo
897 2266 1212 2328 nimirum
1255 2279 1562 2350 tempore,
1601 2289 1717 2349 quo
1755 2267 1812 2328 J·
1850 2265 1931 2331 G.

90 2410 148 2459 et
191 2398 252 2460 S.
284 2397 362 2460 G.
393 2396 706 2460 GMEIAN}
752 2398 1017 2460 Flora-m
1054 2399 1363 2460 sibirz‘cam
1406 2403 1751 2478 ediderunt,
1796 2404 1929 2464 nul-

88 2535 223 2593 lum
278 2553 428 2612 opus
478 2532 872 2613 accepi-mus,
931 2555 1046 2595 nec
1103 2537 1346 2615 plant-as
1398 2538 1594 2599 totius*
1631 2535 1929 2613 Sibiriae,

90 2688 203 2728 neo
234 2667 607 2746 cujusquam
638 2664 811 2729 illius
842 2668 1041 2748 partis
1071 2668 1412 2747 illustranS,
1451 2671 1741 2749 quamvis
1775 2671 1924 2731 hinc

11 2768 229 2861 ''ffiinde
275 2799 560 2881 singulae
615 2802 973 2880 plantarum
1018 2803 1259 2882 speeies
1298 2803 1631 2879 sibirioae,
1690 2816 1751 2866 et
1793 2805 1925 2883 qui-

59 2933 224 2994 dem
259 2955 381 2994 non
421 2953 678 3013 paucae,
723 2935 1128 3012 innotuerint,
1175 2935 1430 2998 divitias
1475 2938 1679 3017 hujus
1701 2902 1922 3000 Florae

26 3044 259 3156 ζζῃυὲιεί
302 3078 611 3128 testantes.

22 3179 101 3278 ἐξ
251 3200 486 3277 Quibus
527 3200 736 3260 sedulo
775 3203 1114 3281 perpensis,
1159 3224 1306 3264 cum
1344 3204 1681 3266 comitibus
1714 3204 1781 3266 in
1817 3205 1918 3266 iti-

87 3353 235 3391 nere
283 3334 509 3393 altaico
556 3333 775 3407 statui,
833 3336 1089 3397 Floram
1136 3337 1315 3399 istius
1359 3338 1663 3420 regionis,
1726 3358 1918 3419 quam
