2089 3723
658 125 756 191 Cl.
795 130 872 193 V.
956 132 1352 197 Pentandria.
1803 142 1924 202 211
2006 99 2011 103 -

87 279 452 346 dehiscentes,
505 282 738 347 calycem
774 286 955 354 paullo
995 297 1327 355 superantes·
1401 288 1686 341 Semina
1737 309 1930 345 nume-

86 393 234 437 rosa,
298 377 584 441 majuscula
603 413 619 438 ,
687 387 823 430 testa
885 381 1111 432 scariosa
1129 421 1142 446 ,
1203 385 1535 436 tuberculato
1561 415 1586 424 -
1615 398 1930 457 exasperata

85 468 328 522 obducta.

501 583 558 645 5)
613 582 869 637 PfflMULA
907 604 1271 639 AURICULATA.
1334 590 1493 642 Lam.

83 688 146 746 P.
186 685 355 748 foliis
394 687 1074 770 oblongo-spathulatis
1109 705 1331 775 argute
1367 695 1765 761 denticulatis
1800 699 1928 779 (ra-

163 797 298 856 rius
355 797 928 879 subintegerrimis)
984 801 1280 880 utrinque
1336 805 1520 866 nudis
1571 818 1777 870 terrae
1831 810 1927 869 in-

163 905 602 967 cumbentibus
633 910 744 968 sub
782 912 1026 972 anthesi
1052 932 1236 990 scapo
1269 913 1927 998 triplo-quadruplove

160 1014 586 1090 brevioribus,
638 1018 914 1079 umbella
973 1031 1310 1092 coarctata}
1352 1024 1695 1086 multiflora
1752 1027 1923 1106 (flor.

162 1125 247 1182 20
282 1155 363 1166 --
396 1125 518 1199 30)
580 1126 890 1201 farinosa,
952 1129 1270 1189 involucri
1338 1134 1694 1214 polyphylli
1747 1136 1924 1197 folio-

160 1231 240 1292 lis
286 1234 512 1293 erectis
569 1234 705 1295 basi
761 1237 1133 1298 auriculatis
1191 1238 1512 1316 pedicellis
1556 1242 1737 1323 duplo
1793 1247 1923 1307 lon-

161 1341 464 1421 gioribus.

215 1449 274 1500 P.
314 1449 617 1499 auriculata.
674 1450 830 1500 Lam.
871 1454 930 1500 ill
954 1452 996 1502 I.
1031 1471 1089 1519 p.
1119 1451 1242 1502 429.
1279 1454 1386 1506 No.
1420 1454 1575 1511 1931.
1615 1488 1678 1498 —
1720 1460 1920 1517 Schult.

287 1544 435 1612 Syst.
463 1563 574 1611 veg.
594 1545 701 1595 IV.
728 1565 783 1614 p.
807 1543 924 1597 140.
953 1547 1015 1596 N
1014 1566 1057 1597 ο.
1084 1544 1170 1598 17.
1203 1547 1364 1612 (excl.
1398 1549 1491 1600 Pr.
1529 1554 1802 1620 longifolia
1815 1553 1920 1625 ἦ.)

284 1665 356 1674 -
392 1641 584 1691 Ledeb.
604 1641 677 1691 Ic.
705 1645 780 1709 pl.
812 1641 889 1692 Fl.
923 1660 1056 1693 ross.
1096 1648 1187 1694 alt.
1221 1648 1405 1697 illustr.
1447 1657 1485 1697 t.
1515 1645 1640 1700 243.

132 1795 187 1850 ἃ)
246 1794 517 1837 Primula
564 1794 907 1852 longifolia
939 1799 1082 1850 Cura,
1124 1810 1213 1854 que
1243 1797 1301 1841 ab
1343 1798 1609 1843 auctoribus
1651 1800 1707 1844 ad
1737 1801 1791 1845 P.
1820 1818 1919 1847 au-

191 1870 524 1913 riculatam
555 1870 700 1913 Lam.
741 1870 934 1924 citatur,
977 1871 1150 1929 species
1191 1881 1259 1917 est
1288 1873 1615 1919 diversissima.
1671 1876 1921 1935 Diagnosis

189 1945 299 1988 haec
329 1945 443 1989 eritt

145 2024 204 2075 P.
258 2023 402 2072 foliis
464 2022 692 2086 oblongo
722 2025 1016 2075 -obovatis
1083 2009 1418 2076 denticulatis
1468 2029 1714 2098 utrinque
1760 2031 1916 2084 nudis

215 2111 400 2162 erectis
440 2111 536 2161 sub
576 2111 787 2160 anthesi
833 2109 1054 2163 dimidio
1094 2113 1236 2182 scapi
1273 2114 1630 2181 longioribus,
1679 2120 1915 2170 umbella

213 2199 392 2270 patula
430 2197 721 2248 multiflora
762 2200 912 2266 (flor.
955 2200 1079 2252 8-
1103 2196 1208 2266 12)
1251 2203 1612 2269 subfarinosa,
1652 2206 1915 2259 involucri

211 2286 513 2358 polyphylli
549 2286 752 2337 foliolis
802 2290 1089 2342 recurvatis
1141 2289 1254 2341 basi
1292 2291 1593 2344 auriculatis
1630 2293 1913 2363 pedicellos

214 2374 681 2441 subaequantibuS.

247 2462 299 2503 P.
332 2459 589 2515 longiiolia.
653 2458 786 2504 Cure.
818 2460 978 2506 botan.
1011 2477 1136 2521 mag.
1171 2473 1205 2506 t.
1230 2462 1333 2508 392.
1366 2465 1469 2519 (ex.
1500 2464 1581 2510 M.
1616 2483 1645 2508 a
1676 2465 1836 2524 Bida.)
1857 2493 1913 2503 --

303 2534 384 2578 Μ.
415 2551 444 2575 a
475 2533 606 2577 Bieb.
640 2534 712 2578 Fl.
741 2546 849 2578 taur
878 2552 1004 2581 caue.
1035 2538 1077 2580 I.
1107 2553 1157 2593 p.
1179 2537 1278 2582 139.
1313 2538 1405 2580 No.
1425 2537 1530 2583 349.
1565 2541 1708 2597 (eeccl.
1737 2558 1911 2601 synon.

295 2610 459 2661 Lam„
496 2607 668 2662 Gmel.‚
706 2607 927 2668 Tournes.
961 2621 1008 2653 ec
1025 2609 1199 2668 forsan
1235 2611 1457 2669 Venten.)

331 2681 546 2726 Pedicelli
579 2684 628 2725 P.
660 2681 1031 2740 longifoliae
1061 2686 1353 2742 longitudine
1381 2688 1561 2746 calycis,
1589 2690 1638 2732 in
1668 2690 1720 2734 P.
1750 2695 1909 2735 auri·

189 2759 392 2804 culata
426 2756 571 2814 duplo
603 2757 863 2813 breviore33
892 2761 1062 2818 calyces
1092 2760 1143 2802 in
1171 2762 1252 2804 illa
1280 2763 1562 2819 profundius
1581 2765 1744 2809 divisi.
1807 2768 1911 2811 Co-

187 2836 308 2878 rolla
338 2835 463 2878 illius
495 2844 701 2880 saturate
730 2835 930 2879 violacea
957 2837 1102 2895 duplo
1125 2842 1289 2897 major,
1319 2840 1369 2881 in
1395 2837 1481 2882 hac
1507 2841 1673 2898 pallide
1704 2842 1912 2897 lilacina;

183 2911 319 2954 limbi
342 2909 536 2954 laciniae
566 2912 616 2953 in
645 2912 723 2954 illa
753 2911 809 2954 ad
828 2911 1031 2955 medium
1064 2929 1210 2972 usque
1241 2914 1389 2968 fissae,
1418 2916 1466 2956 in
1501 2912 1588 2958 hac
1616 2918 1770 2960 minus
1799 2933 1910 2974 pro-

189 2983 334 3030 funde
365 2988 560 3030 excisae.
620 2987 779 3030 Flores
809 2987 861 3030 P.
894 2986 1264 3045 longifoliae
1304 2991 1440 3032 erecti
1472 2990 1656 3048 quidem
1686 2993 1757 3034 vel
1788 2993 1908 3034 obli·

189 3061 302 3118 qui,
327 3061 403 3104 sed
434 3063 701 3120 pauciores,
742 3062 942 3105 rariores
972 3063 1156 3121 longius
1187 3064 1443 3123 pedicellati
1475 3081 1569 3122 quo
1603 3067 1681 3120 fit,
1718 3076 1770 3110 ut
1799 3083 1910 3110 um·-

187 3135 306 3180 bella
335 3138 492 3181 minus
520 3139 726 3183 conferta
755 3138 929 3192 evadat,
961 3153 1014 3182 ac
1040 3140 1093 3182 in
1122 3140 1176 3185 P.
1206 3141 1566 3195 auriculam,
1595 3142 1788 3186 floribus
1815 3157 1910 3186 nu·-

189 3212 551 3264 merosioribus‚
591 3214 778 3257 brevius
806 3212 1086 3270 pedicellatis
1125 3215 1352 3273 praedita.
1411 3216 1567 3272 Stylus
1596 3217 1644 3259 in
1675 3217 1728 3259 P.
1760 3214 1908 3260 lon—

191 3286 413 3344 gifolia
443 3297 662 3343 exsertus,
687 3289 737 3331 in
766 3289 820 3332 P.
851 3289 1198 3336 auriculata
1224 3292 1341 3337 tubo
1372 3291 1570 3335 corollae
1591 3291 1795 3335 brevior.
1836 3293 1907 3335 De

193 3376 452 3420 synonymo
489 3362 685 3410 Venten.
715 3363 780 3406 nil
805 3363 1039 3409 affirmare
1065 3380 1277 3423 possum.
1305 3390 1362 3399 —
1407 3366 1560 3411 Gmel.
1592 3365 1662 3408 Fl.
1692 3365 1779 3414 sib.
1812 3365 1906 3409 IV.

194 3452 243 3491 p.
270 3436 344 3483 83.
372 3437 467 3486 No.
493 3437 567 3484 29.
604 3438 654 3483 V
649 3456 717 3484 ar.
747 3439 818 3483 II.
837 3439 934 3500 fig.
954 3440 997 3488 3.
1028 3455 1199 3486 novam
1228 3442 1429 3501 speciem
1454 3439 1573 3484 mihi
1599 3441 1806 3496 ignotam
1832 3454 1906 3484 re-

1348 3516 1467 3567 14*
