2089 3723
187 151 314 215 368
764 147 862 213 cl.
903 151 983 213 V.
1068 147 1464 216 Pentandria.

189 307 364 371 etin
407 308 559 388 juga
610 302 881 385 quinque
934 302 1217 381 minora,
1275 307 1687 371 exterioribus
1728 311 2029 391 opposita,

191 418 454 480 elevata.
541 414 908 476 Valleoulae
964 411 1375 478 membranae
1431 414 1752 480 interioris
1793 418 2029 480 univit-

188 537 375 588 tatae.
462 522 696 586 Semen
737 524 1149 587 semilunare.

458 709 517 773 1)
574 710 1063 767 Pnznnosrmmnm
1103 725 1477 765 Aus'rmAcUM.
1531 711 1741 781 Hoffm‘2

256 843 315 898 P.
355 842 693 895 austriacum.
767 843 971 912 Hoffm‘.
1020 844 1239 896 Umbell.
1285 863 1403 911 gen.
1451 864 1510 912 p.
1535 843 1611 893 X.
1665 848 1721 895 in
1764 852 1908 895 nota.
1959 871 2034 882 ——-

326 941 586 1009 Sprengel
617 945 674 990 in
709 939 905 991 Schult.
946 940 1089 1007 Syst.
1130 957 1241 1005 veg.
1285 940 1351 990 If
1345 940 1390 990 I.
1440 958 1491 1007 Ρ.
1531 935 1654 990 457.
1691 966 1765 978 --
1814 939 2030 1007 Spreng.

326 1036 474 1104 Syst.
521 1053 635 1101 veg.
679 1054 740 1103 Ρ.
775 1032 899 1087 894.
946 1062 1018 1070 ——
1089 1034 1294 1086 Besser.
1349 1032 1449 1086 En.
1501 1038 1577 1103 ΡΖ.
1630 1033 1789 1086 Vollz.
1830 1055 1892 1104 Ρ.
1943 1032 2028 1087 13.

327 1132 438 1185 No,
475 1128 600 1182 345.
648 1156 721 1166 --·
783 1132 1022 1182 Mer-tens
1078 1140 1127 1181 et
1170 1130 1321 1181 Koch
1368 1135 1424 1183 in
1469 1130 1728 1197 Rb'hlings
1779 1131 2035 1182 Deulsch-

330 1230 488 1281 {ands
525 1227 603 1280 Fl.
642 1227 722 1279 II.
756 1248 814 1296 Ρ.
847 1224 971 1278 466.
1009 1227 1115 1279 No,
1154 1224 1279 1279 950.

255 1332 596 1403 Ligusticum
635 1335 969 1385 austriacum.
1033 1334 1195 1385 Linn.
1242 1332 1425 1385 Willd.
1463 1331 1556 1404 Sp.
1591 1336 1667 1402 ΡΖ.
1706 1329 1756 1384 Ι.
1784 1349 1842 1400 Ρ.
1872 1327 2030 1383 1496.

328 1432 438 1483 No,
478 1428 530 1480 6.

256 1534 593 1603 Ligusticum
639 1530 780 1585 foliis
832 1531 1414 1604 triplicato-pinnatis,
1460 1532 1638 1602 pinnis
1685 1530 2032 1604 pinnatifidiS.

337 1632 505 1685 Gmel.
544 1629 625 1680 Fl.
666 1631 761 1680 sib.
798 1629 842 1681 I.
885 1650 940 1699 Ρ.
984 1628 1108 1682 196.
1159 1638 1197 1680 t.
1238 1628 1424 1679 XLV.

186 1743 325 1795 Hab.
365 1739 425 1790 in
468 1735 798 1807 pratensibus
836 1735 903 1786 ad
938 1735 994 1786 fl.
1036 1734 1385 1801 Tscharysch‚
1424 1751 1591 1804 prope
1625 1730 1915 1799 Riddersk‚
1964 1734 2031 1786 ad

290 1837 352 1887 fl.
395 1832 723 1885 Buchtorma
770 1826 900 1898 (L.)
950 1839 1003 1882 et
1048 1849 1213 1902 prope
1263 1828 1701 1900 Alexandrowsk
1748 1826 1893 1899 (Μ.)
1947 1806 2030 1883 ΕΙ.

293 1930 419 1985 Jun.
466 1933 550 1985 a.

323 2043 515 2096 Planta
554 2047 733 2089 nostra
770 2054 801 2087 a
839 2037 1074 2089 silesiaca
1111 2049 1164 2089 et
1200 2038 1487 2104 hungarica
1524 2056 1633 2088 non
1668 2035 1871 2102 differt,
1924 2039 2030 2090 nisi
2075 2026 2084 2032 ³

186 2142 336 2194 caule
371 2136 474 2192 vix
508 2137 737 2198 sulcato,
788 2135 989 2184 foliolis
1035 2133 1347 2203 profundius
1395 2134 1605 2197 incisis,
1663 2132 1867 2184 laciniis
1904 2151 2028 2185 acu-

183 2239 436 2289 tioribus.
494 2229 832 2284 Involucrum
871 2231 1135 2281 umbellae
1171 2227 1527 2300 primordialis
1563 2231 1870 2299 plerumque
1905 2232 2029 2300 pin-

185 2328 486 2384 natifidum.

325 2449 421 2502 An
458 2446 520 2502 P.
557 2448 900 2498 uralense.
958 2443 1161 2512 Hoffm.
1204 2449 1238 2496 Ζ.
1279 2464 1326 2498 c.
1366 2465 1422 2514 Ρ.
1462 2446 1565 2496 ΙΧ.
1614 2445 1788 2516 specie
1824 2446 1889 2496 ab
1924 2447 2025 2497 hoc

184 2547 480 2601 diversum.

324 2665 635 2718 Frustulum
682 2659 929 2733 possideo
979 2657 1484 2712 Umbelliferae
1537 2660 1594 2710 in
1629 2656 2024 2713 'Kamtschatka

181 2767 384 2826 lectae,
423 2761 581 2824 hujus
619 2759 853 2825 generis,
903 2776 1036 2828 quae
1074 2758 1193 2809 sine
1229 2755 1390 2807 dubio
1427 2754 1492 2805 ad
1529 2754 1587 2806 Ρ.
1627 2755 2023 2808 kamtscha-

184 2862 394 2913 ticam
427 2855 631 2923 Hoffm.
671 2856 922 2924 pertinet.
992 2853 1208 2905 Nullam
1257 2861 1436 2901 autem
1476 2849 1831 2901 differentiam
1867 2854 2022 2903 inve-

183 2958 301 3008 nire
333 2951 502 3026 potui,
541 2951 662 3015 nisi,
703 2947 847 3019 quod
884 2948 1067 2999 foliola
1094 2957 1147 2997 et
1180 2949 1448 2998 involucra
1475 2955 1693 3014 utraque
1722 2949 2023 3011 angustiora

183 3062 238 3104 et
263 3066 456 3121 parum
479 3047 669 3098 villosa
706 3055 846 3104 sunt,
879 3062 1013 3113 quae
1053 3044 1240 3093 ultima
1279 3052 1403 3092 nota
1441 3059 1536 3092 nec
1570 3040 1627 3091 in
1662 3050 1842 3092 nostro
1879 3060 2021 3094 sem-

181 3165 279 3217 per
315 3145 485 3197 deest.
558 3142 650 3192 An
686 3142 847 3206 igitur
884 3138 1124 3204 ejusdem
1162 3135 1394 3208 speciei?

323 3264 510 3317 Aliam
559 3262 717 3325 hujus
765 3260 973 3325 generis
1021 3259 1250 3330 speciem
1301 3254 1785 3325 frequentissimam
1831 3258 2017 3308 obser-

179 3359 310 3417 vavi
344 3355 415 3412 ad
446 3357 742 3410 rivulorum
777 3355 1039 3422 margines
1084 3352 1312 3420 regionis
1352 3351 1573 3402 altaicae
1607 3350 1787 3403 minus
1826 3350 2014 3418 editae,

181 3475 319 3529 quae
354 3454 493 3509 mihi
527 3453 626 3505 sit:
