<?xml version="1.0" encoding="UTF-8"?>
<!DOCTYPE html PUBLIC "-//W3C//DTD XHTML 1.0 Transitional//EN"
    "http://www.w3.org/TR/xhtml1/DTD/xhtml1-transitional.dtd">
<html xmlns="http://www.w3.org/1999/xhtml" xml:lang="en" lang="en">
 <head>
  <title>
</title>
<meta http-equiv="Content-Type" content="text/html;charset=utf-8" />
  <meta name='ocr-system' content='tesseract 3.04.00' />
  <meta name='ocr-capabilities' content='ocr_page ocr_carea ocr_par ocr_line ocrx_word'/>
</head>
<body>
  <div class='ocr_page' id='page_1' title='image "./floraaltaica01lede_0309.png"; bbox 0 0 2089 3723; ppageno 0'>
   <div class='ocr_carea' id='block_1_1' title="bbox 615 102 2012 168">
    <p class='ocr_par' dir='ltr' id='par_1_1' title="bbox 615 102 2012 168">
     <span class='ocr_line' id='line_1_1' title="bbox 615 102 2012 168; baseline -0.003 -1"><span class='ocrx_word' id='word_1_1' title='bbox 615 103 713 168; x_wconf 87' lang='lat' dir='ltr'><strong>Cl.</strong></span> <span class='ocrx_word' id='word_1_2' title='bbox 749 106 828 168; x_wconf 91' lang='lat' dir='ltr'><strong>V.</strong></span> <span class='ocrx_word' id='word_1_3' title='bbox 913 104 1306 166; x_wconf 71' lang='lat' dir='ltr'>Pentandria.</span> <span class='ocrx_word' id='word_1_4' title='bbox 1759 102 1882 164; x_wconf 81' lang='lat'>281</span> <span class='ocrx_word' id='word_1_5' title='bbox 2007 138 2012 142; x_wconf 18' lang='grc' dir='ltr'><strong><em>κ</em></strong></span> 
     </span>
    </p>
   </div>
   <div class='ocr_carea' id='block_1_2' title="bbox 55 255 1896 1166">
    <p class='ocr_par' dir='ltr' id='par_1_2' title="bbox 194 255 1889 323">
     <span class='ocr_line' id='line_1_2' title="bbox 194 255 1889 323; baseline -0.008 -5"><span class='ocrx_word' id='word_1_6' title='bbox 194 283 249 318; x_wconf 82' lang='grc' dir='ltr'>α.</span> <span class='ocrx_word' id='word_1_7' title='bbox 299 263 634 314; x_wconf 83' lang='lat' dir='ltr'>Pallasii:</span> <span class='ocrx_word' id='word_1_8' title='bbox 674 260 817 312; x_wconf 69' lang='lat' dir='ltr'>foliis</span> <span class='ocrx_word' id='word_1_9' title='bbox 854 255 1168 308; x_wconf 78' lang='lat' dir='ltr'>radicalibus</span> <span class='ocrx_word' id='word_1_10' title='bbox 1207 255 1593 323; x_wconf 64' lang='lat' dir='ltr'>angustioribus</span> <span class='ocrx_word' id='word_1_11' title='bbox 1631 255 1889 305; x_wconf 77' lang='lat' dir='ltr'>breviori-</span> 
     </span>
    </p>

    <p class='ocr_par' dir='ltr' id='par_1_3' title="bbox 172 337 1890 420">
     <span class='ocr_line' id='line_1_3' title="bbox 172 337 1890 420; baseline -0.005 -12"><span class='ocrx_word' id='word_1_12' title='bbox 172 369 177 382; x_wconf 74' lang='lat'><strong><em>¹</em></strong></span> <span class='ocrx_word' id='word_1_13' title='bbox 265 359 379 420; x_wconf 84' lang='lat' dir='ltr'>bus,</span> <span class='ocrx_word' id='word_1_14' title='bbox 419 357 568 407; x_wconf 82' lang='lat' dir='ltr'>caule</span> <span class='ocrx_word' id='word_1_15' title='bbox 595 337 962 414; x_wconf 57' lang='lat' dir='ltr'>adscendente,</span> <span class='ocrx_word' id='word_1_16' title='bbox 1003 353 1261 417; x_wconf 82' lang='lat' dir='ltr'>calycibus</span> <span class='ocrx_word' id='word_1_17' title='bbox 1299 349 1612 404; x_wconf 74' lang='lat' dir='ltr'>5-dentatis</span> <span class='ocrx_word' id='word_1_18' title='bbox 1637 349 1890 415; x_wconf 78' lang='lat' dir='ltr'>soliaceis.</span> 
     </span>
    </p>

    <p class='ocr_par' dir='ltr' id='par_1_4' title="bbox 191 444 1891 518">
     <span class='ocr_line' id='line_1_4' title="bbox 191 444 1891 518; baseline -0.005 -15"><span class='ocrx_word' id='word_1_19' title='bbox 191 449 250 518; x_wconf 86' lang='grc' dir='ltr'>β.</span> <span class='ocrx_word' id='word_1_20' title='bbox 315 449 620 502; x_wconf 83' lang='lat' dir='ltr'><em>Geblerz‘:</em></span> <span class='ocrx_word' id='word_1_21' title='bbox 672 449 820 500; x_wconf 88' lang='lat' dir='ltr'>foliis</span> <span class='ocrx_word' id='word_1_22' title='bbox 870 445 1186 498; x_wconf 78' lang='lat' dir='ltr'>radicalibus</span> <span class='ocrx_word' id='word_1_23' title='bbox 1233 445 1507 498; x_wconf 81' lang='lat' dir='ltr'>latioribus</span> <span class='ocrx_word' id='word_1_24' title='bbox 1544 444 1891 510; x_wconf 80' lang='lat' dir='ltr'>longioribuS‚</span> 
     </span>
    </p>

    <p class='ocr_par' dir='ltr' id='par_1_5' title="bbox 264 519 1678 609">
     <span class='ocr_line' id='line_1_5' title="bbox 264 519 1678 609; baseline -0.003 -14"><span class='ocrx_word' id='word_1_25' title='bbox 264 544 412 596; x_wconf 81' lang='lat' dir='ltr'>caule</span> <span class='ocrx_word' id='word_1_26' title='bbox 448 555 644 609; x_wconf 83' lang='lat' dir='ltr'>erecto,</span> <span class='ocrx_word' id='word_1_27' title='bbox 684 543 953 608; x_wconf 81' lang='lat' dir='ltr'>calycibus</span> <span class='ocrx_word' id='word_1_28' title='bbox 993 541 1287 609; x_wconf 68' lang='lat' dir='ltr'>spathaceis</span> <span class='ocrx_word' id='word_1_29' title='bbox 1326 519 1678 605; x_wconf 72' lang='lat' dir='ltr'>subintegris.</span> 
     </span>
    </p>

    <p class='ocr_par' dir='ltr' id='par_1_6' title="bbox 55 632 1894 894">
     <span class='ocr_line' id='line_1_6' title="bbox 195 632 1893 707; baseline -0.002 -18"><span class='ocrx_word' id='word_1_30' title='bbox 195 638 542 691; x_wconf 84' lang='lat' dir='ltr'>Varietas</span> <span class='ocrx_word' id='word_1_31' title='bbox 570 639 628 703; x_wconf 78' lang='grc' dir='ltr'>β.</span> <span class='ocrx_word' id='word_1_32' title='bbox 679 640 792 688; x_wconf 90' lang='lat' dir='ltr'>solo</span> <span class='ocrx_word' id='word_1_33' title='bbox 827 637 1090 707; x_wconf 80' lang='lat' dir='ltr'>pinguiori</span> <span class='ocrx_word' id='word_1_34' title='bbox 1139 645 1298 686; x_wconf 79' lang='lat' dir='ltr'>enata</span> <span class='ocrx_word' id='word_1_35' title='bbox 1342 635 1551 704; x_wconf 81' lang='lat' dir='ltr'>propria</span> <span class='ocrx_word' id='word_1_36' title='bbox 1587 636 1758 704; x_wconf 83' lang='lat' dir='ltr'>primo</span> <span class='ocrx_word' id='word_1_37' title='bbox 1796 632 1893 685; x_wconf 79' lang='lat' dir='ltr'>ad-</span> 
     </span>
     <span class='ocr_line' id='line_1_7' title="bbox 55 731 1894 804; baseline -0.002 -20"><span class='ocrx_word' id='word_1_38' title='bbox 55 742 231 803; x_wconf 81' lang='lat' dir='ltr'>spectu</span> <span class='ocrx_word' id='word_1_39' title='bbox 274 736 476 804; x_wconf 81' lang='lat' dir='ltr'>species</span> <span class='ocrx_word' id='word_1_40' title='bbox 514 732 754 796; x_wconf 83' lang='lat' dir='ltr'>videtur,</span> <span class='ocrx_word' id='word_1_41' title='bbox 804 731 1075 782; x_wconf 77' lang='lat' dir='ltr'>innumeri</span> <span class='ocrx_word' id='word_1_42' title='bbox 1112 747 1238 781; x_wconf 81' lang='lat' dir='ltr'>vero</span> <span class='ocrx_word' id='word_1_43' title='bbox 1285 731 1536 780; x_wconf 68' lang='lat' dir='ltr'>transitus</span> <span class='ocrx_word' id='word_1_44' title='bbox 1576 731 1894 781; x_wconf 74' lang='lat' dir='ltr'>contrarium</span> 
     </span>
     <span class='ocr_line' id='line_1_8' title="bbox 56 828 1469 894; baseline -0.003 -14"><span class='ocrx_word' id='word_1_45' title='bbox 56 828 261 894; x_wconf 80' lang='lat' dir='ltr'>docent,</span> <span class='ocrx_word' id='word_1_46' title='bbox 301 831 374 880; x_wconf 73' lang='lat' dir='ltr'>ita</span> <span class='ocrx_word' id='word_1_47' title='bbox 414 837 471 878; x_wconf 85' lang='lat' dir='ltr'>ut</span> <span class='ocrx_word' id='word_1_48' title='bbox 508 830 602 877; x_wconf 79' lang='lat' dir='ltr'>vix</span> <span class='ocrx_word' id='word_1_49' title='bbox 639 828 910 878; x_wconf 79' lang='lat' dir='ltr'>varietatis</span> <span class='ocrx_word' id='word_1_50' title='bbox 950 844 1146 875; x_wconf 80' lang='lat' dir='ltr'>nomen</span> <span class='ocrx_word' id='word_1_51' title='bbox 1186 835 1469 876; x_wconf 65' lang='lat' dir='ltr'>meremur.</span> 
     </span>
    </p>

    <p class='ocr_par' dir='ltr' id='par_1_7' title="bbox 59 919 1896 1166">
     <span class='ocr_line' id='line_1_9' title="bbox 197 919 1892 993; baseline -0.002 -18"><span class='ocrx_word' id='word_1_52' title='bbox 197 923 461 993; x_wconf 83' lang='lat' dir='ltr'><strong>Descript.</strong></span> <span class='ocrx_word' id='word_1_53' title='bbox 503 923 628 973; x_wconf 80' lang='lat' dir='ltr'>vide</span> <span class='ocrx_word' id='word_1_54' title='bbox 680 924 735 972; x_wconf 84' lang='lat' dir='ltr'>in</span> <span class='ocrx_word' id='word_1_55' title='bbox 787 932 885 972; x_wconf 79' lang='lat' dir='ltr'><strong>act.</strong></span> <span class='ocrx_word' id='word_1_56' title='bbox 927 939 1031 971; x_wconf 83' lang='lat' dir='ltr'><strong>soc.</strong></span> <span class='ocrx_word' id='word_1_57' title='bbox 1074 932 1179 971; x_wconf 80' lang='grc' dir='ltr'><strong><em>ηαΐ.</em></strong></span> <span class='ocrx_word' id='word_1_58' title='bbox 1211 940 1316 972; x_wconf 79' lang='lat' dir='ltr'><strong>cur.</strong></span> <span class='ocrx_word' id='word_1_59' title='bbox 1357 939 1518 989; x_wconf 78' lang='lat' dir='ltr'><strong>mosq.</strong></span> <span class='ocrx_word' id='word_1_60' title='bbox 1564 921 1710 970; x_wconf 87' lang='lat' dir='ltr'><strong>Tom.</strong></span> <span class='ocrx_word' id='word_1_61' title='bbox 1752 919 1817 970; x_wconf 87' lang='lat' dir='ltr'><em>V</em></span> <span class='ocrx_word' id='word_1_62' title='bbox 1810 920 1892 972; x_wconf 88' lang='lat' dir='ltr'><strong>II.</strong></span> 
     </span>
     <span class='ocr_line' id='line_1_10' title="bbox 61 1015 1896 1087; baseline -0.003 -16"><span class='ocrx_word' id='word_1_63' title='bbox 61 1018 249 1087; x_wconf 83' lang='lat' dir='ltr'><strong>Consp.</strong></span> <span class='ocrx_word' id='word_1_64' title='bbox 301 1039 419 1085; x_wconf 83' lang='lat' dir='ltr'><strong>gen.</strong></span> <span class='ocrx_word' id='word_1_65' title='bbox 465 1018 616 1070; x_wconf 68' lang='lat' dir='ltr'><strong>Geni.</strong></span> <span class='ocrx_word' id='word_1_66' title='bbox 671 1018 777 1067; x_wconf 87' lang='lat' dir='ltr'><strong>No.</strong></span> <span class='ocrx_word' id='word_1_67' title='bbox 817 1015 850 1066; x_wconf 89' lang='grc'>9</span> <span class='ocrx_word' id='word_1_68' title='bbox 890 1027 937 1066; x_wconf 80' lang='lat' dir='ltr'>et</span> <span class='ocrx_word' id='word_1_69' title='bbox 975 1015 1063 1067; x_wconf 89' lang='lat'><strong>10.</strong></span> <span class='ocrx_word' id='word_1_70' title='bbox 1111 1017 1203 1065; x_wconf 84' lang='lat' dir='ltr'>ubi</span> <span class='ocrx_word' id='word_1_71' title='bbox 1253 1033 1389 1067; x_wconf 83' lang='lat' dir='ltr'><strong>var.</strong></span> <span class='ocrx_word' id='word_1_72' title='bbox 1427 1016 1484 1084; x_wconf 79' lang='grc' dir='ltr'>β.</span> <span class='ocrx_word' id='word_1_73' title='bbox 1537 1017 1633 1066; x_wconf 88' lang='lat' dir='ltr'>sub</span> <span class='ocrx_word' id='word_1_74' title='bbox 1680 1016 1896 1066; x_wconf 86' lang='lat' dir='ltr'>nomine</span> 
     </span>
     <span class='ocr_line' id='line_1_11' title="bbox 59 1112 1072 1166; baseline -0.005 0"><span class='ocrx_word' id='word_1_75' title='bbox 59 1112 125 1166; x_wconf 89' lang='lat' dir='ltr'>G.</span> <span class='ocrx_word' id='word_1_76' title='bbox 167 1112 461 1166; x_wconf 82' lang='lat' dir='ltr'><strong>Gebleri</strong></span> <span class='ocrx_word' id='word_1_77' title='bbox 497 1114 706 1164; x_wconf 78' lang='lat' dir='ltr'>militat.</span> <span class='ocrx_word' id='word_1_78' title='bbox 749 1129 867 1161; x_wconf 88' lang='lat' dir='ltr'>cum</span> <span class='ocrx_word' id='word_1_79' title='bbox 905 1112 1072 1161; x_wconf 80' lang='lat' dir='ltr'>icone.</span> 
     </span>
    </p>
   </div>
   <div class='ocr_carea' id='block_1_3' title="bbox 544 1221 1393 1289">
    <p class='ocr_par' dir='ltr' id='par_1_8' title="bbox 544 1221 1393 1289">
     <span class='ocr_line' id='line_1_12' title="bbox 544 1221 1393 1289; baseline -0.007 -12"><span class='ocrx_word' id='word_1_80' title='bbox 544 1228 599 1289; x_wconf 84' lang='lat'>2)</span> <span class='ocrx_word' id='word_1_81' title='bbox 658 1223 942 1275; x_wconf 70' lang='lat' dir='ltr'><strong>GENTIANA</strong></span> <span class='ocrx_word' id='word_1_82' title='bbox 979 1240 1200 1273; x_wconf 77' lang='lat' dir='ltr'><strong>ALGIDA.</strong></span> <span class='ocrx_word' id='word_1_83' title='bbox 1259 1221 1393 1271; x_wconf 78' lang='lat' dir='ltr'>Pan.</span> 
     </span>
    </p>
   </div>
   <div class='ocr_carea' id='block_1_4' title="bbox 58 1314 1900 1601">
    <p class='ocr_par' dir='ltr' id='par_1_9' title="bbox 58 1314 1900 1601">
     <span class='ocr_line' id='line_1_13' title="bbox 58 1314 1900 1398; baseline -0.001 -19"><span class='ocrx_word' id='word_1_84' title='bbox 58 1319 141 1386; x_wconf 88' lang='lat' dir='ltr'>G.</span> <span class='ocrx_word' id='word_1_85' title='bbox 200 1321 450 1381; x_wconf 86' lang='lat' dir='ltr'>corollis</span> <span class='ocrx_word' id='word_1_86' title='bbox 509 1319 970 1398; x_wconf 79' lang='lat' dir='ltr'>campanulatis</span> <span class='ocrx_word' id='word_1_87' title='bbox 1041 1316 1270 1374; x_wconf 80' lang='lat' dir='ltr'>5-fidis</span> <span class='ocrx_word' id='word_1_88' title='bbox 1342 1314 1784 1376; x_wconf 71' lang='lat' dir='ltr'><strong>terminalibus</strong></span> <span class='ocrx_word' id='word_1_89' title='bbox 1838 1329 1900 1377; x_wconf 83' lang='lat' dir='ltr'>et</span> 
     </span>
     <span class='ocr_line' id='line_1_14' title="bbox 142 1423 1900 1508; baseline -0.003 -17"><span class='ocrx_word' id='word_1_90' title='bbox 142 1430 511 1492; x_wconf 86' lang='lat' dir='ltr'>axillaribus</span> <span class='ocrx_word' id='word_1_91' title='bbox 547 1426 1000 1508; x_wconf 79' lang='lat' dir='ltr'>pedunculatiS,</span> <span class='ocrx_word' id='word_1_92' title='bbox 1040 1423 1364 1504; x_wconf 80' lang='lat' dir='ltr'>calycibus</span> <span class='ocrx_word' id='word_1_93' title='bbox 1396 1423 1900 1487; x_wconf 81' lang='lat' dir='ltr'>membranaceis</span> 
     </span>
     <span class='ocr_line' id='line_1_15' title="bbox 143 1531 1897 1601; baseline -0.003 -2"><span class='ocrx_word' id='word_1_94' title='bbox 143 1541 341 1601; x_wconf 83' lang='lat' dir='ltr'>latere</span> <span class='ocrx_word' id='word_1_95' title='bbox 395 1537 556 1598; x_wconf 86' lang='lat' dir='ltr'>fissis</span> <span class='ocrx_word' id='word_1_96' title='bbox 614 1536 684 1595; x_wconf 87' lang='lat'>5-</span> <span class='ocrx_word' id='word_1_97' title='bbox 705 1534 999 1595; x_wconf 83' lang='lat' dir='ltr'>dentatis.</span> <span class='ocrx_word' id='word_1_98' title='bbox 1069 1531 1355 1593; x_wconf 83' lang='lat' dir='ltr'>dentibus</span> <span class='ocrx_word' id='word_1_99' title='bbox 1410 1531 1640 1594; x_wconf 84' lang='lat' dir='ltr'>duobus</span> <span class='ocrx_word' id='word_1_100' title='bbox 1699 1536 1897 1595; x_wconf 88' lang='lat' dir='ltr'>multo</span> 
     </span>
    </p>
   </div>
   <div class='ocr_carea' id='block_1_5' title="bbox 63 1640 1910 3061">
    <p class='ocr_par' dir='ltr' id='par_1_10' title="bbox 63 1640 1910 3061">
     <span class='ocr_line' id='line_1_16' title="bbox 147 1640 1440 1729; baseline -0.008 -19"><span class='ocrx_word' id='word_1_101' title='bbox 147 1648 519 1729; x_wconf 83' lang='lat' dir='ltr'>majoribus,</span> <span class='ocrx_word' id='word_1_102' title='bbox 569 1646 733 1704; x_wconf 82' lang='lat' dir='ltr'>foliis</span> <span class='ocrx_word' id='word_1_103' title='bbox 775 1644 1040 1702; x_wconf 78' lang='lat' dir='ltr'>lineari·</span> <span class='ocrx_word' id='word_1_104' title='bbox 1058 1640 1440 1701; x_wconf 79' lang='lat' dir='ltr'>lanceolatiS.</span> 
     </span>
     <span class='ocr_line' id='line_1_17' title="bbox 201 1748 1639 1823; baseline -0.007 -13"><span class='ocrx_word' id='word_1_105' title='bbox 201 1757 267 1810; x_wconf 89' lang='lat' dir='ltr'>G.</span> <span class='ocrx_word' id='word_1_106' title='bbox 307 1755 498 1823; x_wconf 79' lang='lat' dir='ltr'><strong>algida.</strong></span> <span class='ocrx_word' id='word_1_107' title='bbox 570 1756 707 1805; x_wconf 75' lang='lat' dir='ltr'><strong>Pall.</strong></span> <span class='ocrx_word' id='word_1_108' title='bbox 746 1753 823 1803; x_wconf 87' lang='lat' dir='ltr'>Fl.</span> <span class='ocrx_word' id='word_1_109' title='bbox 863 1770 994 1804; x_wconf 82' lang='lat' dir='ltr'><strong>r.oss</strong></span> <span class='ocrx_word' id='word_1_110' title='bbox 1033 1752 1104 1800; x_wconf 91' lang='lat' dir='ltr'><strong>II.</strong></span> <span class='ocrx_word' id='word_1_111' title='bbox 1154 1748 1639 1818; x_wconf 80' lang='lat' dir='ltr'><strong>p.107,tab.95.</strong></span> 
     </span>
     <span class='ocr_line' id='line_1_18' title="bbox 202 1843 1901 1924; baseline -0.002 -21"><span class='ocrx_word' id='word_1_112' title='bbox 202 1851 267 1907; x_wconf 87' lang='lat' dir='ltr'><strong>G.</strong></span> <span class='ocrx_word' id='word_1_113' title='bbox 313 1860 560 1924; x_wconf 84' lang='lat' dir='ltr'>punctata</span> <span class='ocrx_word' id='word_1_114' title='bbox 607 1868 720 1902; x_wconf 77' lang='lat' dir='ltr'><strong>var.</strong></span> <span class='ocrx_word' id='word_1_115' title='bbox 795 1849 930 1898; x_wconf 73' lang='lat' dir='ltr'><strong>Pan.</strong></span> <span class='ocrx_word' id='word_1_116' title='bbox 979 1854 1037 1898; x_wconf 81' lang='lat' dir='ltr'><strong>z&#39;t.</strong></span> <span class='ocrx_word' id='word_1_117' title='bbox 1079 1847 1179 1896; x_wconf 93' lang='lat' dir='ltr'><strong>III.</strong></span> <span class='ocrx_word' id='word_1_118' title='bbox 1236 1865 1356 1913; x_wconf 80' lang='lat' dir='ltr'>app</span> <span class='ocrx_word' id='word_1_119' title='bbox 1404 1866 1464 1914; x_wconf 82' lang='lat' dir='ltr'>P·</span> <span class='ocrx_word' id='word_1_120' title='bbox 1503 1843 1626 1897; x_wconf 76' lang='lat'><strong>724.</strong></span> <span class='ocrx_word' id='word_1_121' title='bbox 1666 1845 1770 1897; x_wconf 89' lang='lat' dir='ltr'><strong>No.</strong></span> <span class='ocrx_word' id='word_1_122' title='bbox 1810 1845 1901 1901; x_wconf 80' lang='grc'>82.</span> 
     </span>
     <span class='ocr_line' id='line_1_19' title="bbox 271 1939 1898 2011; baseline -0.002 -13"><span class='ocrx_word' id='word_1_123' title='bbox 271 1957 310 1999; x_wconf 80' lang='lat' dir='ltr'><strong>t.</strong></span> <span class='ocrx_word' id='word_1_124' title='bbox 349 1949 414 1996; x_wconf 91' lang='lat' dir='ltr'><strong>L.</strong></span> <span class='ocrx_word' id='word_1_125' title='bbox 453 1945 510 2011; x_wconf 82' lang='lat' dir='ltr'><strong>f.</strong></span> <span class='ocrx_word' id='word_1_126' title='bbox 553 1947 601 1997; x_wconf 80' lang='grc'>2.</span> <span class='ocrx_word' id='word_1_127' title='bbox 642 1970 713 1979; x_wconf 90' lang='grc'><strong>-</strong></span> <span class='ocrx_word' id='word_1_128' title='bbox 778 1943 938 1994; x_wconf 81' lang='lat' dir='ltr'><strong>Gmel.</strong></span> <span class='ocrx_word' id='word_1_129' title='bbox 982 1942 1064 1992; x_wconf 77' lang='lat' dir='ltr'>Fl.</span> <span class='ocrx_word' id='word_1_130' title='bbox 1115 1944 1208 1993; x_wconf 79' lang='lat' dir='ltr'>sib.</span> <span class='ocrx_word' id='word_1_131' title='bbox 1247 1941 1353 1991; x_wconf 90' lang='lat' dir='ltr'>IV.</span> <span class='ocrx_word' id='word_1_132' title='bbox 1400 1962 1458 2009; x_wconf 81' lang='lat' dir='ltr'><strong>p.</strong></span> <span class='ocrx_word' id='word_1_133' title='bbox 1500 1939 1608 1992; x_wconf 83' lang='grc'>106</span> <span class='ocrx_word' id='word_1_134' title='bbox 1652 1971 1721 1982; x_wconf 88' lang='grc'>--</span> <span class='ocrx_word' id='word_1_135' title='bbox 1778 1940 1898 1994; x_wconf 88' lang='grc'>111.</span> 
     </span>
     <span class='ocr_line' id='line_1_20' title="bbox 274 2034 1267 2107; baseline -0.009 -14"><span class='ocrx_word' id='word_1_136' title='bbox 274 2044 383 2096; x_wconf 92' lang='lat' dir='ltr'><strong>No.</strong></span> <span class='ocrx_word' id='word_1_137' title='bbox 408 2041 497 2093; x_wconf 85' lang='lat'>75.</span> <span class='ocrx_word' id='word_1_138' title='bbox 535 2070 606 2078; x_wconf 86' lang='lat'>-—</span> <span class='ocrx_word' id='word_1_139' title='bbox 648 2039 839 2105; x_wconf 79' lang='lat' dir='ltr'>Georgi</span> <span class='ocrx_word' id='word_1_140' title='bbox 875 2045 931 2091; x_wconf 82' lang='lat' dir='ltr'>it.</span> <span class='ocrx_word' id='word_1_141' title='bbox 971 2039 1015 2090; x_wconf 91' lang='lat' dir='ltr'><strong>I.</strong></span> <span class='ocrx_word' id='word_1_142' title='bbox 1054 2059 1106 2107; x_wconf 83' lang='lat' dir='ltr'>p.</span> <span class='ocrx_word' id='word_1_143' title='bbox 1145 2034 1267 2087; x_wconf 79' lang='lat'>203,</span> 
     </span>
     <span class='ocr_line' id='line_1_21' title="bbox 63 2130 1899 2205; baseline -0.007 -13"><span class='ocrx_word' id='word_1_144' title='bbox 63 2136 127 2191; x_wconf 93' lang='lat' dir='ltr'>In</span> <span class='ocrx_word' id='word_1_145' title='bbox 164 2138 399 2191; x_wconf 86' lang='lat' dir='ltr'>humidis</span> <span class='ocrx_word' id='word_1_146' title='bbox 437 2153 766 2187; x_wconf 83' lang='lat' dir='ltr'>summarum</span> <span class='ocrx_word' id='word_1_147' title='bbox 805 2136 1006 2205; x_wconf 78' lang='lat' dir='ltr'>alpium</span> <span class='ocrx_word' id='word_1_148' title='bbox 1046 2133 1137 2200; x_wconf 90' lang='lat' dir='ltr'><strong>(L.</strong></span> <span class='ocrx_word' id='word_1_149' title='bbox 1168 2133 1259 2195; x_wconf 89' lang='grc' dir='ltr'>Β.)</span> <span class='ocrx_word' id='word_1_150' title='bbox 1303 2136 1381 2186; x_wconf 69' lang='grc'>23..</span> <span class='ocrx_word' id='word_1_151' title='bbox 1420 2131 1498 2180; x_wconf 75' lang='lat' dir='ltr'><strong>Fl.</strong></span> <span class='ocrx_word' id='word_1_152' title='bbox 1526 2130 1630 2180; x_wconf 75' lang='lat' dir='ltr'><strong>Jul.</strong></span> <span class='ocrx_word' id='word_1_153' title='bbox 1669 2140 1722 2180; x_wconf 82' lang='lat' dir='ltr'>et</span> <span class='ocrx_word' id='word_1_154' title='bbox 1754 2131 1899 2198; x_wconf 86' lang='lat' dir='ltr'><strong>Aug.</strong></span> 
     </span>
     <span class='ocr_line' id='line_1_22' title="bbox 205 2228 1904 2303; baseline -0.005 -18"><span class='ocrx_word' id='word_1_155' title='bbox 205 2232 631 2303; x_wconf 72' lang='lat' dir='ltr'>Descriptionem</span> <span class='ocrx_word' id='word_1_156' title='bbox 680 2229 803 2280; x_wconf 82' lang='lat' dir='ltr'>vide</span> <span class='ocrx_word' id='word_1_157' title='bbox 850 2231 908 2280; x_wconf 88' lang='lat' dir='ltr'>in</span> <span class='ocrx_word' id='word_1_158' title='bbox 962 2240 1063 2280; x_wconf 81' lang='lat' dir='ltr'><strong>act.</strong></span> <span class='ocrx_word' id='word_1_159' title='bbox 1115 2247 1217 2279; x_wconf 80' lang='lat' dir='ltr'><strong>soc.</strong></span> <span class='ocrx_word' id='word_1_160' title='bbox 1267 2237 1374 2278; x_wconf 83' lang='lat' dir='ltr'>nat.</span> <span class='ocrx_word' id='word_1_161' title='bbox 1416 2245 1524 2278; x_wconf 80' lang='lat' dir='ltr'><strong>cur.</strong></span> <span class='ocrx_word' id='word_1_162' title='bbox 1562 2245 1723 2295; x_wconf 84' lang='lat' dir='ltr'><strong>mosq.</strong></span> <span class='ocrx_word' id='word_1_163' title='bbox 1764 2228 1904 2279; x_wconf 93' lang='lat' dir='ltr'><strong>VII.</strong></span> 
     </span>
     <span class='ocr_line' id='line_1_23' title="bbox 71 2323 1904 2400; baseline -0.005 -16"><span class='ocrx_word' id='word_1_164' title='bbox 71 2331 262 2400; x_wconf 80' lang='lat' dir='ltr'><strong>Consp.</strong></span> <span class='ocrx_word' id='word_1_165' title='bbox 296 2349 415 2396; x_wconf 79' lang='lat' dir='ltr'>gen.</span> <span class='ocrx_word' id='word_1_166' title='bbox 456 2327 605 2378; x_wconf 83' lang='lat' dir='ltr'><strong>Gent.</strong></span> <span class='ocrx_word' id='word_1_167' title='bbox 647 2328 750 2377; x_wconf 87' lang='lat' dir='ltr'><strong>No.</strong></span> <span class='ocrx_word' id='word_1_168' title='bbox 796 2325 880 2377; x_wconf 81' lang='lat'><strong>12.</strong></span> <span class='ocrx_word' id='word_1_169' title='bbox 925 2356 990 2365; x_wconf 90' lang='lat'>—-</span> <span class='ocrx_word' id='word_1_170' title='bbox 1042 2323 1119 2376; x_wconf 89' lang='lat' dir='ltr'><strong>Cl.</strong></span> <span class='ocrx_word' id='word_1_171' title='bbox 1159 2325 1589 2375; x_wconf 75' lang='lat' dir='ltr'>Schlechtendahl</span> <span class='ocrx_word' id='word_1_172' title='bbox 1622 2324 1904 2387; x_wconf 85' lang='lat' dir='ltr'>(Linnaea</span> 
     </span>
     <span class='ocr_line' id='line_1_24' title="bbox 68 2417 1906 2494; baseline -0.004 -16"><span class='ocrx_word' id='word_1_173' title='bbox 68 2429 143 2480; x_wconf 87' lang='grc' dir='ltr'>ΙΙ.</span> <span class='ocrx_word' id='word_1_174' title='bbox 178 2428 231 2478; x_wconf 85' lang='lat'><strong>2.</strong></span> <span class='ocrx_word' id='word_1_175' title='bbox 278 2447 335 2494; x_wconf 78' lang='lat' dir='ltr'><strong>p.</strong></span> <span class='ocrx_word' id='word_1_176' title='bbox 379 2421 723 2479; x_wconf 71' lang='lat'>1&#39;73—1&#39;75)</span> <span class='ocrx_word' id='word_1_177' title='bbox 775 2424 912 2471; x_wconf 83' lang='lat' dir='ltr'>hanc</span> <span class='ocrx_word' id='word_1_178' title='bbox 950 2439 1068 2471; x_wconf 88' lang='lat' dir='ltr'>cum</span> <span class='ocrx_word' id='word_1_179' title='bbox 1120 2418 1182 2471; x_wconf 90' lang='lat' dir='ltr'><strong>G.</strong></span> <span class='ocrx_word' id='word_1_180' title='bbox 1221 2417 1496 2483; x_wconf 80' lang='lat' dir='ltr'>frigida.</span> <span class='ocrx_word' id='word_1_181' title='bbox 1550 2418 1772 2468; x_wconf 62' lang='lat' dir='ltr'>,Haenke</span> <span class='ocrx_word' id='word_1_182' title='bbox 1822 2429 1906 2470; x_wconf 83' lang='lat' dir='ltr'>at-</span> 
     </span>
     <span class='ocr_line' id='line_1_25' title="bbox 70 2515 1906 2592; baseline -0.004 -19"><span class='ocrx_word' id='word_1_183' title='bbox 70 2540 207 2592; x_wconf 86' lang='lat' dir='ltr'>que,</span> <span class='ocrx_word' id='word_1_184' title='bbox 255 2529 315 2570; x_wconf 89' lang='lat' dir='ltr'>ut</span> <span class='ocrx_word' id='word_1_185' title='bbox 350 2518 592 2581; x_wconf 81' lang='lat' dir='ltr'>videtur,</span> <span class='ocrx_word' id='word_1_186' title='bbox 647 2535 763 2567; x_wconf 88' lang='lat' dir='ltr'>cum</span> <span class='ocrx_word' id='word_1_187' title='bbox 811 2515 875 2567; x_wconf 86' lang='lat' dir='ltr'><strong>G.</strong></span> <span class='ocrx_word' id='word_1_188' title='bbox 915 2515 1403 2568; x_wconf 82' lang='lat' dir='ltr'>Romanzowii</span> <span class='ocrx_word' id='word_1_189' title='bbox 1441 2515 1630 2564; x_wconf 77' lang='lat' dir='ltr'><strong>Ledeb.</strong></span> <span class='ocrx_word' id='word_1_190' title='bbox 1669 2516 1906 2569; x_wconf 79' lang='lat' dir='ltr'>maxime</span> 
     </span>
     <span class='ocr_line' id='line_1_26' title="bbox 69 2611 1906 2682; baseline -0.002 -14"><span class='ocrx_word' id='word_1_191' title='bbox 69 2617 312 2668; x_wconf 83' lang='lat' dir='ltr'>boreales</span> <span class='ocrx_word' id='word_1_192' title='bbox 361 2616 520 2666; x_wconf 80' lang='lat' dir='ltr'>Asiae</span> <span class='ocrx_word' id='word_1_193' title='bbox 569 2614 956 2682; x_wconf 79' lang='lat' dir='ltr'>Americaeque</span> <span class='ocrx_word' id='word_1_194' title='bbox 1006 2629 1123 2661; x_wconf 78' lang='lat' dir='ltr'>oras</span> <span class='ocrx_word' id='word_1_195' title='bbox 1175 2611 1525 2672; x_wconf 83' lang='lat' dir='ltr'>incolentem,</span> <span class='ocrx_word' id='word_1_196' title='bbox 1584 2611 1789 2681; x_wconf 77' lang='lat' dir='ltr'>plantas</span> <span class='ocrx_word' id='word_1_197' title='bbox 1840 2611 1906 2664; x_wconf 81' lang='lat' dir='ltr'>ad</span> 
     </span>
     <span class='ocr_line' id='line_1_27' title="bbox 70 2706 1906 2780; baseline -0.003 -17"><span class='ocrx_word' id='word_1_198' title='bbox 70 2712 305 2763; x_wconf 82' lang='lat' dir='ltr'>invicem</span> <span class='ocrx_word' id='word_1_199' title='bbox 341 2709 651 2780; x_wconf 80' lang='lat' dir='ltr'>praesertim</span> <span class='ocrx_word' id='word_1_200' title='bbox 678 2709 866 2773; x_wconf 78' lang='lat' dir='ltr'>calyeis</span> <span class='ocrx_word' id='word_1_201' title='bbox 903 2710 1088 2770; x_wconf 79' lang='lat' dir='ltr'>forma,</span> <span class='ocrx_word' id='word_1_202' title='bbox 1126 2706 1319 2756; x_wconf 86' lang='lat' dir='ltr'>florum</span> <span class='ocrx_word' id='word_1_203' title='bbox 1340 2722 1583 2765; x_wconf 86' lang='lat' dir='ltr'>numero,</span> <span class='ocrx_word' id='word_1_204' title='bbox 1623 2708 1786 2758; x_wconf 80' lang='lat' dir='ltr'>caulis</span> <span class='ocrx_word' id='word_1_205' title='bbox 1822 2711 1906 2759; x_wconf 89' lang='lat' dir='ltr'>fo-</span> 
     </span>
     <span class='ocr_line' id='line_1_28' title="bbox 71 2801 1910 2875; baseline -0.003 -16"><span class='ocrx_word' id='word_1_206' title='bbox 71 2809 375 2875; x_wconf 82' lang='lat' dir='ltr'>liorumque</span> <span class='ocrx_word' id='word_1_207' title='bbox 411 2805 555 2855; x_wconf 79' lang='lat' dir='ltr'>varia</span> <span class='ocrx_word' id='word_1_208' title='bbox 593 2803 925 2868; x_wconf 81' lang='lat' dir='ltr'>longitudine</span> <span class='ocrx_word' id='word_1_209' title='bbox 962 2812 1069 2852; x_wconf 72' lang='lat' dir='ltr'>tam</span> <span class='ocrx_word' id='word_1_210' title='bbox 1111 2801 1375 2861; x_wconf 81' lang='lat' dir='ltr'>diversas,</span> <span class='ocrx_word' id='word_1_211' title='bbox 1413 2810 1473 2850; x_wconf 84' lang='lat' dir='ltr'>ut</span> <span class='ocrx_word' id='word_1_212' title='bbox 1507 2803 1682 2870; x_wconf 85' lang='lat' dir='ltr'>specie</span> <span class='ocrx_word' id='word_1_213' title='bbox 1720 2803 1910 2854; x_wconf 74' lang='lat' dir='ltr'>distin-</span> 
     </span>
     <span class='ocr_line' id='line_1_29' title="bbox 73 2895 1908 2968; baseline -0.001 -15"><span class='ocrx_word' id='word_1_214' title='bbox 73 2901 315 2968; x_wconf 79' lang='lat' dir='ltr'>guendae</span> <span class='ocrx_word' id='word_1_215' title='bbox 351 2899 477 2950; x_wconf 78' lang='lat' dir='ltr'>sint.</span> <span class='ocrx_word' id='word_1_216' title='bbox 519 2896 696 2967; x_wconf 82' lang='lat' dir='ltr'><strong>(Conf.</strong></span> <span class='ocrx_word' id='word_1_217' title='bbox 729 2896 894 2949; x_wconf 86' lang='lat' dir='ltr'><strong>deser.</strong></span> <span class='ocrx_word' id='word_1_218' title='bbox 935 2907 988 2947; x_wconf 80' lang='lat' dir='ltr'>et</span> <span class='ocrx_word' id='word_1_219' title='bbox 1024 2895 1179 2948; x_wconf 79' lang='lat' dir='ltr'><strong>defin.</strong></span> <span class='ocrx_word' id='word_1_220' title='bbox 1207 2897 1369 2947; x_wconf 82' lang='lat' dir='ltr'>trium</span> <span class='ocrx_word' id='word_1_221' title='bbox 1400 2897 1591 2946; x_wconf 81' lang='lat' dir='ltr'>harum</span> <span class='ocrx_word' id='word_1_222' title='bbox 1617 2900 1908 2967; x_wconf 78' lang='lat' dir='ltr'>specierum</span> 
     </span>
     <span class='ocr_line' id='line_1_30' title="bbox 74 2991 1013 3061; baseline -0.006 -12"><span class='ocrx_word' id='word_1_223' title='bbox 74 2999 132 3049; x_wconf 88' lang='lat' dir='ltr'>in</span> <span class='ocrx_word' id='word_1_224' title='bbox 169 2997 300 3049; x_wconf 81' lang='lat' dir='ltr'><strong>Act.</strong></span> <span class='ocrx_word' id='word_1_225' title='bbox 340 3014 444 3048; x_wconf 76' lang='lat' dir='ltr'><strong>soe.</strong></span> <span class='ocrx_word' id='word_1_226' title='bbox 482 3015 534 3046; x_wconf 82' lang='lat' dir='ltr'>n.</span> <span class='ocrx_word' id='word_1_227' title='bbox 577 3013 621 3045; x_wconf 82' lang='lat' dir='ltr'><strong>e.</strong></span> <span class='ocrx_word' id='word_1_228' title='bbox 663 3011 824 3061; x_wconf 74' lang='lat' dir='ltr'><strong>mosq.</strong></span> <span class='ocrx_word' id='word_1_229' title='bbox 867 2997 898 3043; x_wconf 79' lang='lat' dir='ltr'>l.</span> <span class='ocrx_word' id='word_1_230' title='bbox 939 2991 1013 3060; x_wconf 87' lang='lat' dir='ltr'><strong>c.)</strong></span> 
     </span>
    </p>
   </div>
   <div class='ocr_carea' id='block_1_6' title="bbox 79 3103 1912 3483">
    <p class='ocr_par' dir='ltr' id='par_1_11' title="bbox 79 3103 1912 3483">
     <span class='ocr_line' id='line_1_31' title="bbox 504 3103 1483 3169; baseline -0.002 -11"><span class='ocrx_word' id='word_1_231' title='bbox 504 3106 568 3169; x_wconf 87' lang='lat'>3)</span> <span class='ocrx_word' id='word_1_232' title='bbox 622 3103 908 3156; x_wconf 63' lang='lat' dir='ltr'>GENr-mm</span> <span class='ocrx_word' id='word_1_233' title='bbox 946 3120 1292 3156; x_wconf 74' lang='lat' dir='ltr'><strong>SEPTEMFIDA.</strong></span> <span class='ocrx_word' id='word_1_234' title='bbox 1344 3105 1483 3157; x_wconf 67' lang='lat' dir='ltr'><strong>Pan.</strong></span> 
     </span>
     <span class='ocr_line' id='line_1_32' title="bbox 79 3198 1912 3280; baseline -0.001 -18"><span class='ocrx_word' id='word_1_235' title='bbox 79 3204 159 3270; x_wconf 89' lang='lat' dir='ltr'><strong>G.</strong></span> <span class='ocrx_word' id='word_1_236' title='bbox 206 3203 456 3265; x_wconf 83' lang='lat' dir='ltr'>corollis</span> <span class='ocrx_word' id='word_1_237' title='bbox 501 3201 960 3280; x_wconf 82' lang='lat' dir='ltr'>campanulatis</span> <span class='ocrx_word' id='word_1_238' title='bbox 1016 3200 1455 3280; x_wconf 84' lang='lat' dir='ltr'>quinquefidis:</span> <span class='ocrx_word' id='word_1_239' title='bbox 1513 3198 1764 3260; x_wconf 78' lang='lat' dir='ltr'>laciniis</span> <span class='ocrx_word' id='word_1_240' title='bbox 1816 3200 1912 3262; x_wconf 72' lang='lat' dir='ltr'>in-</span> 
     </span>
     <span class='ocr_line' id='line_1_33' title="bbox 163 3308 1911 3388; baseline 0 -16"><span class='ocrx_word' id='word_1_241' title='bbox 163 3309 581 3373; x_wconf 80' lang='lat' dir='ltr'>tercalaribus</span> <span class='ocrx_word' id='word_1_242' title='bbox 637 3311 1166 3388; x_wconf 68' lang='lat' dir='ltr'>(tiliato-laceris,</span> <span class='ocrx_word' id='word_1_243' title='bbox 1213 3310 1383 3371; x_wconf 87' lang='lat' dir='ltr'>foliis</span> <span class='ocrx_word' id='word_1_244' title='bbox 1436 3308 1635 3368; x_wconf 83' lang='lat' dir='ltr'>ovatis</span> <span class='ocrx_word' id='word_1_245' title='bbox 1684 3308 1911 3374; x_wconf 76' lang='lat' dir='ltr'>triuer-</span> 
     </span>
     <span class='ocr_line' id='line_1_34' title="bbox 164 3419 582 3483; baseline -0.005 -2"><span class='ocrx_word' id='word_1_246' title='bbox 164 3420 287 3483; x_wconf 80' lang='lat' dir='ltr'>viis</span> <span class='ocrx_word' id='word_1_247' title='bbox 332 3419 582 3481; x_wconf 81' lang='lat' dir='ltr'>obtusis.</span> 
     </span>
    </p>
   </div>
  </div>
 </body>
</html>
