2089 3723
685 90 782 155 Cl.
820 92 899 155 V.
986 87 1388 151 Pentandria·
1830 83 1954 143 203
2027 97 2031 101 ’

125 252 350 306 subinde
387 247 582 302 aculeis
617 246 792 318 parvis
823 247 1026 298 obtecta
1052 253 1192 308 sunt,
1233 243 1320 312 qui
1360 249 1538 292 autem
1566 253 1833 306 nunquam
1871 253 1960 286 se-

124 351 303 401 riatim
349 344 593 416 dispositi
630 345 995 395 observantur.
1073 337 1318 405 Stylus
1356 337 1643 407 persistens
1681 326 1960 400 caryopses

125 456 361 496 maturas
400 439 570 492 adhuc
619 434 1257 508 supere1ninet.Variat
1307 435 1454 483 caule
1507 447 1731 501 superne
1778 445 1962 477 ramo·-

125 541 355 616 sissimo,
392 535 614 586 racemis
652 551 812 602 quam
848 533 1084 583 maxime
1123 530 1397 594 elongatis,

173 664 185 679 ι
263 632 324 683 Ε.
363 629 697 689 strictum,
741 626 879 697 quod
917 645 984 679 ex
1023 625 1263 691 diagnosi
1302 624 1423 673 huic
1462 621 1621 671 affine
1647 617 1858 670 videtur
1881 613 1964 666 di-

122 728 490 781 versissimum
527 733 607 776 est
645 724 936 795 superficie,
975 723 1226 772 fructibus
1257 717 1548 789 quadruplo
1585 726 1638 767 et
1676 716 1812 765 ultra
1847 728 1966 762 ma-

124 825 323 889 joribus
360 822 581 890 aliisque
620 822 761 870 notis
799 818 1064 869 indicatis.

438 930 498 1001 8)
545 931 1018 984 ΕοΗῐΝοεΡΕΒΜυΜ
1056 942 1549 981 BRACHYCENTRUM.
1603 942 1673 973 m.

130 1042 202 1102 E.
247 1040 532 1102 caulibus
593 1060 858 1120 superne
917 1036 1186 1098 ramosis
1242 1033 1533 1111 foliisque
1577 1024 1967 1097 subsericeis‚

211 1149 357 1210 tubo
420 1151 687 1210 corollae
747 1136 983 1229 calyce
1025 1146 1263 1225 pau1103
1330 1142 1523 1200 limbo
1595 1139 1774 1216 duplo
1832 1135 1969 1193 bre-

214 1261 424 1333 viore,
472 1258 798 1340 calyeibus
844 1254 1188 1314 fructiferis
1232 1250 1457 1310 erectis
1502 1247 1830 1327 pedicellos
1874 1265 1972 1304 su-

212 1366 604 1448 perantibus,
663 1363 1071 1445 caryopsibus
1116 1358 1353 1420 aculeis
1397 1354 1790 1417 brevissimis
1834 1353 1972 1412 uni-

215 1474 547 1537 serialibus
606 1450 1019 1554 marginatis,
1075 1468 1243 1529 disco
1302 1466 1721 1544 lateribusque
1766 1461 1972 1521 tuber-

221 1585 464 1646 culatis.

276 1694 339 1746 E.
383 1695 839 1757 brachycentrum.
915 1689 1108 1740 Ledeb.
1148 1688 1221 1738 Ic.
1259 1688 1334 1754 pl.
1372 1684 1451 1734 Fl.
1489 1699 1618 1733 ross.
1660 1685 1747 1730 alt.
1788 1684 1970 1729 illustr.
2029 1691 2033 1696 '

347 1800 383 1843 t.
424 1789 550 1841 302.

206 1885 343 1936 Hab.
385 1886 439 1935 in
481 1885 668 1954 aprici,
707 1884 836 1934 locis
875 1882 1109 1951 abruptis
1146 1876 1400 1948 lapidosis
1438 1874 1575 1924 inter
1612 1890 1773 1942 pagos
1813 1869 1978 1920 Buta-

280 1982 445 2032 kovva
496 1991 548 2029 et
592 1977 1117 2030 Tscberemschauka
1173 1972 1301 2042 (L.)
1353 1988 1518 2041 prope
1563 1967 1976 2018 Buchlarminsk

212 2146 216 2149 Ι
281 2074 414 2143 (Μ.)
452 2075 532 2125 Fl.
572 2075 745 2147 April,
782 2074 912 2137 Maj.
956 2079 1033 2131 21..

335 2170 397 2225 Ε.
449 2171 661 2221 micro
682 2188 886 2240 carpo
948 2168 1142 2219 simile.
1234 2162 1458 2215 Radix
1520 2156 1978 2230 perpendicularis,

146 2272 323 2335 fusca,
362 2268 572 2318 biennis
610 2269 698 2320 vel
736 2265 1004 2336 perennis.
1083 2261 1338 2314 Caules
1393 2276 1460 2308 ex
1511 2273 1615 2306 una
1653 2253 1827 2305 radice
1863 2255 1978 2324 plu-

149 2383 265 2430 res,
304 2362 520 2434 pedales
557 2363 643 2413 vel
683 2361 1078 2433 subbipedales,
1117 2360 1169 2409 in
1208 2365 1355 2427 parte
1390 2354 1575 2404 infima
1614 2349 1769 2410 nudi,
1811 2349 1985 2400 media

150 2470 299 2533 parte
338 2459 612 2510 fasciculos
652 2459 743 2508 soli
751 2476 901 2507 orum
941 2474 1010 2507 ex
1045 2454 1225 2505 axillis
1264 2451 1593 2512 emifftientes
1650 2463 1875 2515 superne
1925 2447 1982 2496 in

154 2573 330 2606 ramos
381 2554 718 2604 racemiferos
763 2552 953 2603 divisi:
1003 2551 1129 2620 pilis
1168 2528 1330 2611 albis,
1378 2546 1660 2607 mollibus,
1712 2543 1985 2614 prostratis

155 2651 466 2712 subsericei,
525 2649 671 2697 basin
708 2665 895 2698 versus
946 2647 1194 2697 subfusci.
1271 2643 1476 2693 Folia
1527 2650 1586 2691 ut
1636 2640 1689 2690 in
1733 2637 1794 2688 E.
1849 2639 1987 2687 mi-

157 2761 496 2814 crocarp0.
570 2741 851 2792 Racemi
901 2741 1160 2806 elongati,
1211 2740 1431 2789 floribus
1481 2738 1652 2787 multo
1700 2735 1988 2797 :majoribus

157 2839 483 2913 pedicellalis
534 2839 739 2888 ratione
785 2836 930 2888 floris
993 2836 1342 2886 brevioribus.
1431 2830 1732 2896 Calyces
1781 2830 1983 2879 hirsuti.

160 2937 476 2988 Corollae
512 2936 696 2984 limbus
731 2934 860 2983 tubo
897 2931 1058 3001 duplo
1094 2932 1331 2996 longior-3
1355 2929 1513 2994 saux·
1548 2928 1778 2996 squamis
1816 2926 1987 2974 luteis.

162 3032 550 3098 Caryopses
590 3027 745 3078 dorso
784 3029 1020 3092 margine
1057 3029 1268 3077 elevato
1308 3022 1708 3085 circumdantur,
1747 3022 1827 3071 cui
1867 3037 1992 3069 acu-

159 3130 366 3178 leorum
404 3124 836 3174 brevissimorum
885 3124 1045 3174 series
1091 3122 1323 3191 simplex
1370 3118 1599 3182 insidet;
1648 3116 1789 3166 disco
1827 3124 1879 3164 et
1912 3115 1994 3163 la-

163 3222 366 3273 teribus
413 3219 647 3290 undique
694 3219 979 3270 tuberculis
1015 3219 1238 3270 minutis
1288 3220 1486 3269 obtecta
1537 3223 1676 3265 sunt.
1752 3209 1992 3276 Stylus

165 3317 468 3386 persistenS,
510 3333 786 3386 caryopses
822 3331 1089 3384 superans.

310 3412 491 3460 variat
533 3413 749 3461 floribus
789 3410 1055 3473 caeruleis,
1093 3407 1397 3459 rubicundis
1437 3415 1487 3455 et
1526 3404 1671 3454 albis.
