2089 3723
235 66 269 88 N

842 94 1174 156 Praefatio,
1869 117 1933 159 ιχ
2001 103 2004 106 ·

89 250 301 315 affinis
344 249 583 331 species
625 246 966 311 indicatur.
1056 251 1367 312 Stationes
1411 260 1471 310 et
1514 218 1933 316 habitationes

88 387 452 468 plantarum
491 383 952 461 indicavimus3
997 405 1148 445 cum
1187 405 1337 446 vero
1366 384 1603 463 singuli
1644 398 1932 449 nostrum

86 530 291 581 certas
329 517 617 599 regiones
661 519 1162 599 geragraverint,
1204 515 1406 577 literis
1451 521 1546 595 (B.
1570 524 1640 575 L.
1661 521 1786 596 M)
1828 542 1933 602 ap-

88 652 308 732 positis
350 651 640 713 indicare
683 650 1090 724 curavimus,
1137 671 1172 710 a
1218 671 1334 730 quo
1378 648 1740 714 observatae
1781 654 1930 730 sint,

87 783 249 864 quod
310 787 594 845 maxime
649 785 816 850 hanc
871 783 945 843 ob
1001 804 1259 844 causam
1316 805 1438 844 non
1480 785 1931 868 negligendum

86 917 433 992 videbatur,
476 919 621 996 quia
653 920 1018 998 plantarum
1052 917 1402 977 distributio
1428 939 1544 980 nec
1577 921 1646 980 in
1671 923 1929 1004 regione

83 1063 389 1128 montosa,
426 1052 631 1112 necin
663 1051 1036 1130 planitiebus
1071 1051 1301 1130 ubique
1337 1051 1558 1114 eadem
1597 1065 1688 1116 est
1723 1056 1928 1117 immo

85 1207 231 1245 vero
278 1208 334 1245 e.
372 1205 430 1266 g.
476 1186 688 1263 plures
730 1186 964 1264 species
1017 1187 1085 1245 in
1138 1188 1452 1245 montium
1508 1197 1714 1248 tractu
1763 1191 1928 1252 occi-

81 1317 314 1381 dentali
345 1318 702 1400 frequentes
736 1316 1085 1391 observavi,
1124 1339 1281 1396 quae
1309 1321 1585 1381 BUNGEO
1622 1322 1688 1380 in
1723 1325 1927 1384 orien-

82 1452 308 1515 talibus
355 1453 457 1513 vel
511 1453 879 1513 rarissimae
925 1453 1025 1511 vel
1070 1453 1278 1511 nullae
1324 1454 1496 1514 visae
1537 1465 1683 1515 sunt
1735 1467 1796 1515 et
1834 1459 1926 1518 vi-

31 1656 46 1665 l
79 1586 331 1664 cissim3
376 1598 435 1647 et
480 1586 639 1666 quod
689 1587 847 1646 aliae
891 1587 955 1644 in
1003 1585 1374 1664 planitiebus
1420 1587 1497 1648 ad
1541 1588 1750 1668 ripam
1793 1610 1925 1671 sep-

80 1721 517 1781 tentrionalem
572 1719 752 1781 fluvii
806 1719 1059 1800 Irtyseh
1120 1740 1308 1799 parce
1373 1726 1925 1800 provenientes-in

80 1851 317 1913 deserto
363 1853 811 1935 Kirghisorum
853 1851 1188 1914 abundant.
1214 1923 1220 1929 ⁴
1250 1855 1669 1918 Dur-ationem
1715 1869 1777 1934 et
1818 1858 1923 1944 fio-

78 1984 257 2046 rendi
314 1998 560 2068 tempus
616 1986 843 2066 ubique
881 1987 1350 2063 adnotavimus,
1407 2011 1523 2050 nec
1566 1991 1923 2068 varietates,

80 2131 375 2200 quotquot
414 2133 775 2182 memoratu
819 2120 1039 2203 dignas
1076 2122 1144 2182 in
1186 2121 1285 2183 his
1320 2124 1678 2207 regionibus
1719 2125 1923 2188 obser-

81 2275 233 2316 vare
275 2256 476 2333 licuit,
522 2254 936 2339 negleximus.
1009 2255 1264 2335 Species
1306 2277 1499 2318 novas
1543 2260 1644 2319 vel
1687 2260 1923 2340 imper-

82 2386 246 2449 fecte
290 2392 577 2470 cognitas
620 2388 903 2449 iconibus
950 2387 1142 2468 lapidi
1186 2387 1405 2451 incisis
1449 2401 1511 2450 et
1554 2391 1718 2453 vivis
1761 2397 1922 2455 colo-

78 2521 252 2582 ribus
306 2523 489 2602 pictis
544 2525 863 2581 iilustrare
907 2533 1168 2583 conatus
1220 2543 1364 2585 sum
1418 2525 1486 2584 in
1541 2544 1760 2604 opere,
1818 2530 1924 2587 cui

83 2656 302 2715 titulus
346 2667 468 2717 est:
522 2655 744 2717 leones
785 2658 1150 2738 plantarum
1200 2677 1508 2715 novarum
1550 2662 1647 2720 vel
1701 2662 1922 2743 imper·

66 2786 234 2870 fecte
277 2793 688 2870 cognitarum,
734 2790 997 2851 Floram
1033 2793 1341 2866 rossicam‚
1386 2794 1694 2873 imprimis
1739 2797 1922 2853 alcai-

81 2945 214 2981 cam
267 2924 674 2996 illustrante5‚
740 2927 1040 3004 cujusque
1100 2924 1392 2986 fasciculi
1449 2928 1571 2986 cito
1625 2946 1759 2988 sese
1817 2949 1920 2989 ex-

79 3056 332 3137 cipient.

246 3187 740 3248 Amicissimum
771 3189 1096 3266 TRINIUM‚
1134 3187 1600 3252 Academicum
1638 3201 1918 3274 petropo-

82 3321 374 3395 litanum,
419 3325 792 3407 graminum
829 3322 1147 3386 familiam
1194 3335 1494 3386 tractasse
1539 3346 1730 3404 eaque
1768 3327 1888 3387 deli
