2089 3723
179 95 307 166 248
757 94 854 157 CL
898 95 974 157 V.
1063 92 1455 154 Pentandria.

264 253 442 316 ribus
507 249 801 324 hirsutis,
866 248 1210 310 filamentis
1271 249 1666 331 longitudine
1732 236 2020 326 odollae,

267 362 481 430 baccis
523 357 922 441 subglobosis.

326 469 395 525 L.
423 468 658 522 Pallasii.
725 448 921 517 Ledeb.
959 465 1038 516 Ic.
1076 468 1151 534 pl.
1189 465 1266 517 El.
1304 483 1436 517 ross.
1475 470 1568 519 alt.
1610 471 1796 518 illustr.
1833 476 1874 518 t.
1902 463 2024 520 131.

398 593 469 604 —
504 565 628 619 [nd.
664 580 790 614 sem.
827 565 875 613 h.
916 561 1141 629 Dorpat.
1185 581 1236 611 α.
1274 557 1431 612 1821.
1941 593 1949 597 -

323 658 395 713 L.
435 657 639 711 altaica.
712 657 853 708 Pan.
886 655 966 706 Fl.
1006 672 1138 709 ross.
1179 657 1284 706 tab.
1306 655 1622 709 XXXVII.
1657 656 2026 724 fig.superior.

325 753 395 809 L.
433 754 690 806 caerulea.
746 751 883 804 fall.
922 750 1002 800 Fl.
1041 767 1171 802 ross.
1213 753 1455 820 descript.
1490 752 1535 804 I.
1576 749 1626 803 1.
1654 771 1715 821 p.
1741 749 1829 804 58.
1868 753 2028 822 (excl.

396 867 514 920 syn.
550 857 755 917 praeter
795 843 1058 915 Gmelinio)

329 942 400 1000 L.
441 945 741 1016 pyrenaica.
814 942 955 993 Pazz.
994 946 1053 994 it.
1086 941 1166 992 ΙΙ.
1203 963 1260 1012 p.
1293 941 1412 994 568.
1452 947 1604 1007 (teste
1638 947 1754 1011 ipso
1789 951 1927 996 auct.
1964 971 2035 981 —

396 1039 520 1092 Hoc
552 1057 717 1108 synon
753 1040 960 1106 decepti
996 1041 1087 1090 cel.
1132 1037 1444 1089 Wizldenow
1483 1048 1533 1088 et
1567 1038 1803 1089 Schultes
1838 1037 1906 1088 L.
1930 1054 2036 1105 py-

400 1141 668 1189 renaicam
704 1140 760 1186 in
787 1133 986 1183 Sibiria
1026 1151 1261 1185 crescere
1297 1135 1526 1199 dicunt.)
1552 1162 1624 1173 -
1658 1133 1794 1184 Fazk
1828 1141 2035 1202 topogr.

404 1231 582 1301 Beytr.
618 1231 695 1284 Π.
732 1227 837 1280 No.
875 1227 997 1280 239.

263 1327 402 1381 Hah.
438 1327 497 1379 in
531 1325 828 1394 subalpinis
852 1315 1119 1376 montium
1155 1324 1471 1376 altaicorum
1509 1324 1602 1393 (L.
1629 1322 1750 1390 B.);
1787 1323 1844 1374 in
1878 1340 2038 1373 mon-

369 1422 511 1474 tibus
548 1420 820 1471 altioribus
858 1417 1055 1470 deserti
1093 1419 1685 1485 soongoro-kirghisici
1730 1417 1796 1469 ad
1836 1419 2039 1470 rivulos

368 1512 847 1569 Tschar-Gurban
886 1523 940 1563 et
975 1511 1274 1564 Kokbukta
1308 1513 1481 1583 (Fazk)
1528 1517 1603 1586 ᾖ,
1643 1514 1726 1567 Fl.
1763 1514 1883 1565 Jun.

336 1611 487 1666 Folia
532 1619 587 1662 et
630 1609 827 1661 ramuli
861 1590 920 1660 iti
955 1611 1056 1659 hac
1092 1611 1260 1660 multo
1306 1612 1647 1662 confertiores
1687 1619 1740 1658 et
1781 1610 2039 1661 hirsutio-

85 1732 94 1743 ·
198 1726 305 1774 res„
343 1725 404 1758 ac
438 1707 497 1758 in
532 1704 601 1757 L.
640 1705 983 1756 caerulea.
1056 1703 1238 1756 Flores
1290 1707 1455 1755 etiam
1504 1705 1819 1773 copiosiores
1858 1715 1911 1756 et
1947 1725 2042 1777 pe-

198 1802 418 1856 dunculi
452 1800 739 1853 breviore&
815 1796 1056 1850 corollae
1093 1801 1260 1864 magis
1298 1801 1518 1870 pilosae.
1595 1798 1794 1851 Baccae
1827 1803 2043 1868 subglo·

201 1901 364 1952 bosan
400 1895 858 1948 atro-violaceas.
928 1891 1112 1946 Flores
1149 1898 1541 1949 suaveolentes·

553 2058 614 2130 3)
664 2057 952 2113 LomctRA
989 2079 1393 2114 antonomum.
1455 2061 1538 2113 W.
1578 2063 1693 2113 hbr.

202 2195 286 2258 1..
326 2190 542 2258 baccis
583 2190 1098 2268 subcoadunatis,
1152 2193 1323 2254 foliis
1379 2193 1673 2273 ellipticis
1728 2193 1830 2253 vel
1881 2192 2046 2253 orbi-

289 2302 878 2384 culato-ellipticis
942 2301 1079 2364 basi
1139 2302 1475 2362 attenuatis
1530 2303 1631 2362 vel
1699 2302 2049 2364 rotundatis

289 2413 587 2494 utrinque
645 2412 1003 2475 subvillosis
1059 2411 1272 2471 subtus
1322 2411 1890 2493 glaucescentibuS‚
1945 2434 2047 2493 pe-

295 2522 588 2586 dunculis
633 2520 774 2581 folii
819 2519 1160 2581 dimidium
1206 2520 1745 2606 subaequantibus.

350 2630 418 2685 L.
455 2631 830 2701 microphylla.
902 2631 1100 2682 Schult.
1141 2629 1283 2698 Syst.
1321 2648 1432 2696 veg.
1472 2629 1545 2680 V.
1583 2648 1636 2697 p.
1658 2625 1782 2681 258.
1818 2629 1924 2680 No.
1958 2627 2044 2681 15.

420 2756 492 2769 --
528 2727 750 2794 Spreng.
790 2727 934 2794 Syst.
973 2744 1090 2793 veg.
1128 2726 1171 2776 I.
1206 2745 1261 2793 p.
1299 2725 1422 2776 759.
1462 2726 1566 2776 No.
1610 2722 1695 2776 16.
1732 2751 1802 2762 —-
1852 2725 2044 2777 Ledeb.

422 2822 501 2874 10.
541 2825 614 2891 pl.
653 2822 733 2873 Fl.
771 2839 904 2874 ross.
946 2825 1039 2873 alt.
1080 2824 1267 2873 illustr.
1309 2831 1348 2872 t.
1385 2819 1510 2873 213.

347 2915 418 2972 L.
468 2917 715 2987 alpigena
762 2917 928 2969 baccis
980 2918 1158 2968 luteis.
1248 2917 1458 2968 Sievers
1504 2922 1561 2968 in
1611 2916 1745 2967 Pall.
1797 2935 1849 2967 n.
1897 2919 2047 2967 nord.

421 3008 648 3080 Restm?

281 3107 421 3163 Hah.
455 3107 515 3158 in
550 3108 803 3159 montotis
840 3105 1215 3183 demisioribusl
1244 3110 1391 3171 juxta
1428 3106 1483 3158 fl.
1526 3105 1882 3172 Tscharysch,
1935 3105 2051 3157 Ka—

389 3203 577 3267 tunja,
614 3199 844 3265 Tschuja
882 3200 1042 3270 (R),
1080 3200 1287 3268 Irtysch
1326 3211 1379 3253 et
1414 3201 1770 3267 Kurtschum‚
1809 3218 1903 3253 nec
1941 3220 2050 3254 non

391 3297 449 3347 in
487 3294 681 3347 deserti
719 3283 1312 3363 soongoro-kirghisici
1348 3307 1514 3348 mont.
1558 3295 1815 3359 Ablaikit,
1857 3297 2049 3362 Ark'at,

397 3390 712 3458 Dschigilen
754 3392 894 3459 (M.)
942 3393 1013 3450 ᾖ..
1069 3393 1141 3443 Fl.
1185 3391 1357 3461 April.
1403 3420 1465 3433 --
1510 3392 1614 3445 Jul.
