2089 3723
124 131 195 202 vl
874 133 1203 195 Praefatio.

127 291 387 378 aggredi
456 293 520 366 in
585 291 800 352 animo
858 288 1015 364 fuit,
1088 281 1497 349 solertissime
1555 275 1960 362 perscrutari,

129 450 245 491 neo
288 438 536 489 tantum
585 424 860 485 rariores
916 420 1022 483 sed
1065 419 1350 481 maxime
1394 415 1685 498 vulgares
1726 429 1966 492 quoque

129 565 490 645 plantarum
516 558 773 638 specieS,
805 575 964 636 quae
1000 553 1197 613 etiam
1234 551 1299 612 in
1328 551 1580 630 Europa
1607 567 1718 608 sua
1755 551 1969 625 sponte

131 706 457 768 crescunt,
512 692 848 773 diligenter
904 687 1236 749 observare
1279 695 1341 744 et
1384 682 1716 765 colligere,
1766 677 1858 738 ita
1900 684 1973 736 ut

134 825 517 911 comparatis
573 823 674 885 his
731 842 884 886 cum
942 817 1268 901 europaeis
1335 813 1565 897 plantis
1626 821 1972 884 erueretur,

135 983 292 1043 quae
331 957 709 1042 vegetabilia
754 956 882 1018 illis
926 949 1290 1036 regionibus
1332 967 1484 1010 cum
1521 947 1770 1025 Europa
1806 964 1976 1005 com-

136 1095 392 1169 munia,
450 1111 609 1173 quae
669 1103 875 1152 essent
927 1084 1296 1171 peculiaria.
1381 1079 1512 1161 Quo
1564 1081 1808 1145 factum
1863 1089 1977 1155 est,

135 1240 204 1290 ut
246 1249 358 1309 per
399 1235 704 1288 aestatem
748 1223 900 1285 anni
945 1221 1109 1283 1826
1160 1217 1420 1281 circiter
1466 1215 1633 1276 1600
1679 1215 1981 1297 phanero-
2052 1213 2059 1216 ’

139 1380 484 1447 gamarum
553 1357 794 1439 species
850 1377 884 1417 a
942 1353 1117 1416 nobis
1176 1352 1659 1431 colligerentur,
1728 1348 1795 1408 in
1861 1346 1981 1407 hoc

139 1516 321 1575 opere
367 1490 801 1555 recensendae,
888 1489 1022 1549 Non
1067 1485 1279 1546 dubito
1321 1482 1600 1565 quidem,
1639 1482 1791 1543 hinc
1835 1479 1984 1541 inde

141 1629 211 1689 in
250 1628 440 1703 locis,
500 1645 651 1706 quos
695 1624 770 1684 ob
813 1620 1118 1701 temporis
1159 1615 1541 1680 brevitatem
1596 1614 1766 1678 haud
1810 1614 1986 1676 adire

141 1764 243 1824 vel
287 1762 511 1823 saltem
562 1728 776 1820 ininus
830 1754 1169 1837 diligenter
1219 1750 1606 1833 perscrutari
1648 1748 1989 1833 potuimuS,

141 1899 387 1980 plantas
442 1916 480 1957 a
540 1891 719 1957 nobis
770 1910 891 1953 non
942 1885 1301 1949 observatas
1367 1884 1436 1946 in
1490 1895 1811 1965 posterum
1865 1882 1989 1944 col-

142 2033 382 2093 lectum
428 2029 534 2104 iri,
579 2044 850 2107 quarum
901 2020 1118 2084 tamen
1165 2019 1419 2100 copiam
1465 2017 1632 2079 haud
1678 2036 1988 2101 magnam

141 2165 278 2229 fore
318 2160 848 2226 existimaverim.
919 2156 1058 2220 Etsi
1103 2176 1180 2217 ex
1223 2154 1324 2217 his
1361 2162 1549 2234 patet,
1594 2169 1700 2211 me
1733 2151 1992 2212 Floram

149 2298 453 2362 altaicam
498 2294 871 2375 neutiquam
927 2290 1275 2354 absolutam
1320 2286 1588 2360 habere,
1644 2282 1712 2344 in
1755 2283 1990 2347 edendo

146 2435 341 2495 hocce
382 2431 676 2512 opusculo
721 2449 843 2489 non
887 2422 1236 2499 haesitavi,
1294 2441 1447 2483 cum
1491 2439 1677 2481 nemo
1728 2416 1991 2493 nesciat,

146 2577 468 2631 tentamen
508 2562 796 2646 primum
830 2559 1052 2620 Florae
1087 2553 1369 2635 cuiusvis
1406 2565 1616 2615 terrae
1655 2571 1777 2612 non
1817 2571 1991 2633 posse

149 2721 273 2763 non
317 2717 449 2760 esse
493 2714 820 2759 mancum.
886 2690 1186 2776 Regionis
1231 2677 1445 2751 autem
1492 2686 1761 2750 altaicae
1805 2686 1992 2746 Flora

148 2855 218 2899 eo
268 2832 534 2913 majoris
591 2826 901 2891 momenti
943 2845 1076 2887 esse
1118 2821 1401 2898 videtur,
1457 2819 1618 2902 quod
1664 2838 1856 2900 aeque
1897 2815 1992 2878 di-

148 2979 272 3030 stat
313 2965 490 3050 regio
541 2963 652 3024 illa
699 2983 734 3024 a
777 2962 963 3024 litore
1008 2957 1229 3019 oceani
1289 2954 1614 3016 orientalis
1672 2973 1747 3014 ac
1791 2949 1990 3011 maris

150 3098 404 3174 baltici,
451 3097 517 3158 in
563 3095 771 3156 medio
816 3094 1019 3179 igitur
1062 3090 1410 3152 vastissimi
1455 3086 1682 3149 rossici
1728 3083 1990 3164 imperii

153 3209 650 3296 sita-vinculum
684 3228 862 3310 quasi
908 3238 999 3288 est
1041 3225 1210 3286 inter
1235 3227 1490 3285 Floram
1529 3218 1987 3282 occidentalem

155 3378 217 3428 et
258 3366 632 3426 orientalem
687 3364 872 3443 hujus
928 3379 1139 3424 zonae.
1227 3358 1409 3418 Plura
1455 3353 1628 3416 enim
1673 3349 1986 3434 vegetabi-
