2089 3723
596 129 693 190 Cl.
736 131 843 192 1V.
932 131 1324 194 Tetrandria.
1767 136 1893 201 129

175 282 258 334 Sc.
306 284 571 334 isetensis.
647 284 850 336 Schuzt.
901 285 1044 351 Syst.
1093 304 1210 352 veg.
1247 288 1354 339 III.
1405 308 1462 357 p.
1502 287 1591 342 83.
1645 291 1750 342 No.
1790 288 1882 343 66.

239 377 417 429 Mam.
462 397 518 445 p.
565 375 653 431 42.
693 405 761 418 -
831 379 917 431 M.
971 399 1006 429 a
1053 379 1203 432 Bzeb.
1256 382 1336 434 Fe.
1386 372 1525 435 taur.
1577 404 1721 438 cauo.
1777 386 1879 436 III.

236 492 294 540 p.
335 470 454 522 100.
506 474 609 524 No,
651 472 779 524 242.
823 502 893 511 —-
953 474 1236 526 Reichenb.
1301 476 1580 531 Commeat.
1633 486 1880 537 succinct-

238 571 293 616 in
329 568 473 618 Icon.
508 573 585 634 pl.
623 588 731 619 rar.
776 567 919 620 Cent.
960 570 1072 620 IV.
1121 591 1176 638 p.
1217 568 1305 622 40.

168 656 251 710 Sc.
309 663 582 729 rupestris.
656 664 740 714 M.
794 684 828 713 a
876 665 1024 715 Bieb.
1074 664 1154 716 Fl.
1207 676 1342 718 taur.
1395 688 1538 721 canc.
1593 670 1640 718 I.
1690 691 1750 739 p.
1791 671 1878 725 95.

237 755 347 807 No,
378 755 502 808 242.
546 785 610 796 -
652 760 848 810 Schult.
889 760 1029 827 Syst.
1069 777 1188 829 veg.
1226 762 1340 813 III.
1378 784 1433 831 p.
1461 761 1531 814 64
1586 764 1691 817 No.
1723 765 1810 819 12.

168 849 250 900 Sc.
292 853 500 902 corollis
540 853 897 922 quinquefidis
950 856 1092 905 foliis
1143 854 1699 929 duplicato-pinnatis
1737 872 1880 913 seta-

236 947 361 999 ceis.
418 947 583 999 Gmel.
616 950 696 999 Fl.
733 952 830 1001 sib.
857 951 929 1003 ΙΙ.
964 970 1019 1019 p.
1045 948 1169 1003 214.
1210 952 1312 1002 No.
1335 949 1386 1004 7.
1428 965 1462 1005 t.
1489 956 1876 1008 LXXXVIII.

220 1043 328 1109 fig,
375 1041 422 1093 1.

163 1137 617 1207 Asterocephalus
653 1142 916 1191 isetensis.
971 1142 1193 1211 Spreng.
1232 1141 1372 1209 Syst.
1412 1161 1524 1209 veg.
1562 1145 1611 1195 Ι.
1662 1166 1718 1215 p.
1746 1144 1873 1201 383.

230 1234 335 1283 No.
376 1230 465 1285 43.

18 1329 156 1380 Hah.
194 1330 251 1379 in
294 1327 505 1378 deserto
532 1325 913 1391 Kirghisorum
952 1329 1094 1377 inter
1130 1339 1343 1380 montes
1371 1329 1463 1383 Ku
1501 1342 1556 1383 et
1585 1332 1877 1391 Kar-Ka„

90 1424 222 1489 raly,
260 1423 391 1473 locis
429 1422 578 1472 siccis
616 1421 753 1490 (M.)
789 1420 870 1472 ΕΙ.
911 1421 1020 1473 Jul.
1059 1423 1199 1489 Aug.
1247 1430 1329 1482 21..

508 1515 536 1537 D

490 1598 577 1651 61.
653 1597 1026 1652 PATRINIA.
1099 1602 1247 1653 Juss.
1288 1602 1406 1670 (Β.)

158 1707 304 1757 «ΥΕ-55.
354 1706 559 1757 Annal.
616 1709 689 1756 du
739 1708 886 1758 Mus.
939 1709 1016 1760 X.
1061 1729 1119 1776 P·
1160 1706 1284 1762 311.
1340 1735 1415 1747 —-
1487 1709 1737 1765 GAERTN.
1790 1714 1871 1764 II.

157 1822 211 1870 p.
239 1802 329 1855 37.
367 1814 404 1853 t.
434 1803 764 1855 LXXXVI.
807 1802 922 1870 (sub
957 1802 1169 1855 Fedia
1219 1804 1563 1875 sibirica).
1605 1834 1674 1846 --
1717 1805 1869 1863 LAM-

159 1903 231 1949 ill.
271 1909 307 1948 t.
344 1897 433 1954 24.
482 1901 578 1964 fig.
619 1898 670 1949 4.

192 2002 411 2090 Calyx„
437 2025 697 2085 superus
726 2003 1144 2068 denticulatus
1182 2010 1534 2088 persistens.
1592 2007 1740 2072 Cor.
1773 2032 1870 2072 re·

21 2115 327 2195 gulariter
374 2113 409 2174 5
446 2113 606 2208 loha.
673 2114 1040 2177 Achenium
1070 2119 1126 2194 *)
1170 2116 1424 2182 bractea
1469 2120 1868 2185 membrana·

75 2345 120 2398 ¹⁸)
179 2345 467 2399 Acin-nium,
499 2359 650 2402 neque
679 2343 1021 2412 uti'hucusque
1051 2346 1310 2399 dicebatur,
1344 2349 1541 2406 capsula
1570 2350 1867 2406 trilocularis,

136 2428 255 2470 sicut
276 2427 413 2469 etiam
443 2428 516 2470 Fe
535 2427 666 2471 diae
697 2427 873 2472 fructus
904 2429 1226 2475 definiebatur.
1271 2431 1541 2488 Quodenim
1562 2448 1585 2476 a
1606 2432 1868 2479 charactere

137 2511 281 2554 totius
314 2508 491 2552 ordinis
527 2512 621 2566 jam
660 2510 958 2569 discreparet,
990 2512 1355 2570 cuiaehenium.
1413 2515 1509 2559 Nec
1550 2529 1649 2560 non
1678 2530 1869 2559 accurae

132 2593 227 2636 tius
271 2591 449 2634 fructus
488 2591 628 2649 hujus
672 2608 861 2637 examen
903 2597 1192 2640 contrarium
1236 2597 1383 2641 docet.
1444 2598 1603 2641 Primo
1643 2599 1769 2643 enim
1809 2613 1870 2641 ne

132 2676 379 2730 vestigium
421 2674 610 2731 quidem
641 2678 765 2719 ovuli
797 2678 999 2720 abortivi
1030 2679 1103 2722 vel
1146 2678 1349 2721 funiculi
1387 2679 1438 2721 in
1467 2680 1558 2722 illis
1587 2680 1767 2724 duobus
1796 2681 1868 2725 lou

135 2758 251 2801 culis
297 2757 596 2812 observatur,
640 2759 768 2817 quod
798 2768 920 2802 certe
955 2759 1112 2804 adesse
1154 2761 1367 2816 deberet,
1419 2761 1457 2803 si
1489 2777 1590 2806 vere
1619 2763 1807 2820 capsula
1837 2763 1866 2806 3

133 2839 353 2885 Iocularis
386 2847 519 2885 esset.
579 2840 702 2885 Dein
746 2851 899 2886 autem
945 2843 1210 2886 loculorum
1249 2843 1316 2885 sic
1356 2842 1590 2887 dictorum
1628 2845 1867 2889 abortien—

138 2923 258 2966 tium
289 2929 522 2966 structura
553 2924 749 2966 omnino
780 2939 878 2969 non.
920 2925 1134 2981 congruit
1178 2940 1285 2969 cum
1313 2924 1392 2968 illa
1421 2926 1562 2970 loculi
1589 2942 1626 2973 s.
1657 2926 1702 2971 d·
1732 2927 1868 2970 ferti÷

133 3004 193 3050 lis
219 3019 371 3062 neque
402 3004 568 3048 idonea
598 3005 652 3048 ad
683 3006 1000 3064 recipiendum
1031 3022 1201 3056 semen.
1250 3008 1465 3067 Denique
1494 3024 1621 3061 vero,
1652 3011 1866 3056 omnium

132 3090 338 3129 maxime
367 3087 539 3131 refutat
580 3088 1010 3133 denominationem
1052 3090 1310 3134 loculorum
1341 3091 1610 3149 endocarpii
1641 3092 1865 3149 desectus,

134 3171 264 3226 cujus
296 3169 640 3227 implicationes
675 3171 731 3214 ad
766 3186 925 3217 verum
967 3172 1174 3216 loculum
1217 3172 1520 3219 formandum
1548 3174 1863 3233 postulantur.

135 3252 462 3295 Membranula
493 3254 618 3297 enim
647 3254 740 3306 illa,
771 3269 887 3312 quae
921 3255 1076 3298 sinum
1107 3254 1288 3308 dividit,
1328 3256 1458 3298 facile
1483 3264 1526 3298 et
1557 3257 1658 3302 sine
1688 3256 1785 3304 ulla
1817 3255 1863 3301 vi

135 3331 192 3374 ab
224 3333 507 3391 endocarpio
538 3335 677 3379 loculi
709 3337 973 3393 seminigeri
1011 3338 1187 3393 sejungi
1228 3346 1411 3394 potest,
1453 3346 1498 3381 et
1536 3338 1736 3396 ideoque
1774 3353 1862 3400 po·

136 3414 230 3456 tius
259 3431 348 3471 pro
391 3420 744 3464 continuatione
780 3420 849 3463 vel
879 3420 999 3481 plica
1041 3420 1317 3481 sarcocarpii
1366 3419 1574 3468 habenda
1612 3427 1696 3471 est.
1757 3420 1863 3481 Qua

92 3490 204 3528 Flora
231 3495 382 3532 altaica.
1372 3504 1407 3554 9
