2089 3723
156 134 237 177 A«)
754 110 852 171 Cl.
895 114 970 170 ll.
1056 110 1386 172 Diandria.

292 271 363 321 V.
402 265 741 335 angustifolia
777 265 996 317 floribus
1030 265 1347 336 paniculatis
1382 261 1639 318 Amman.
1674 269 1814 318 ruth.
1852 262 1941 317 32.
2067 264 2089 301 '³

293 344 364 419 V.
400 365 580 434 spuria
617 364 672 412 S.
719 361 783 412 G.
829 361 994 413 Gmel.
1028 370 1091 416 it.
1131 359 1179 411 Ῑ.
1217 382 1269 431 p.
1301 359 1403 412 169
1440 371 1479 414 t.
1516 357 1605 410 39.
1980 354 1982 357 ¹

293 462 363 513 V.
403 460 579 536 spuria
614 457 701 507 M.
742 476 790 506 α.
832 457 980 509 Bieb.
1018 458 1099 508 Fl.
1141 468 1280 509 taur.
1316 475 1464 508 cauo.
1503 452 1550 506 Ι.
1591 475 1651 525 p.
1676 456 1729 508 6.
1765 453 1872 508 No.
1902 453 1991 507 13.

369 567 418 608 et
467 553 532 605 V
527 588 542 602 ·
578 551 860 616 brevifolia
911 556 975 618 ej.
1015 557 1050 603 Z.
1087 571 1132 606 c.
1171 553 1278 603 No.
1317 550 1407 604 14.
1452 562 1581 603 teste
1617 557 1681 603 cl.
1721 553 1905 604 Steven
1940 557 1995 602 in

365 650 536 704 Μόνη.
589 654 654 701 de
704 654 755 709 la
800 650 920 699 Soc.
971 652 1062 699 des
1106 649 1301 698 Natur.
1349 651 1414 697 de
1458 648 1704 699 Dffoscou.
1745 650 1878 699 Tom
1917 645 1992 698 V.
2087 668 2089 688 τ

361 767 418 815 p.
436 745 560 797 338.
600 765 704 796 non
733 753 1055 814 repugnante
1090 748 1153 795 cl.
1180 743 1267 793 M.
1295 762 1346 793 α.
1377 742 1521 793 Bieb.
1554 744 1633 796 Fl.
1661 754 1805 795 laur.
1846 760 1994 794 cauo.
2086 732 2089 760 ³

366 842 468 892 III.
503 861 557 910 p.
595 838 648 893 8.

297 937 372 988 V.
417 938 699 987 leucantha
745 934 918 985 Helm.
955 932 1126 984 Me'm.
1175 935 1242 984 de
1287 933 1344 982 la
1389 931 1512 983 Soc.
1563 936 1655 984 ¹des·
1689 933 1887 987 Natur.
1933 937 2000 986 de

365 1033 608 1083 Moscou.
654 1032 789 1081 Tom
825 1027 905 1081 II.
956 1050 1012 1098 p.
1042 1027 1166 1081 104.
1208 1029 1273 1080 Τ.
1300 1024 1355 1078 8.
1496 1008 1503 1011 s

294 1127 370 1179 V.
413 1127 603 1178 altaica
639 1127 809 1190 Fisch,
853 1125 968 1178 Cat.
1005 1131 1058 1178 h.
1099 1124 1315 1176 Gorz'nk.
1356 1144 1392 1175 a
1429 1119 1587 1174 1812.

295 1224 430 1274 Hab.
481 1223 536 1273 in
586 1222 848 1273 montosis
900 1222 1079 1272 minus
1133 1221 1292 1271 editis
1343 1217 1806 1270 ocidentalioribus
1855 1214 2001 1267 haud

154 1336 271 1369 rara
309 1321 410 1384 (L.
449 1320 536 1372 M.
577 1320 722 1386 B.>;
772 1321 831 1370 in
868 1326 1037 1369 mont.
1077 1315 1393 1382 Tarbagatai
1443 1315 1708 1379 (Sievers)
1754 1313 1836 1366 ΕΙ.
1873 1312 1998 1364 Jun.

154 1416 261 1466 Jul.
297 1417 370 1466 231.

293 1510 485 1563 Planta
518 1506 871 1581 polymorpha
910 1519 964 1559 et
1001 1507 1184 1559 forsan
1211 1525 1317 1559 non
1355 1502 1567 1558 diversa
1604 1522 1635 1555 a
1672 1502 1745 1556 V.
1784 1504 2006 1555 'folio-

156 1623 249 1671 sa,
287 1607 804 1672 amethysthina
839 1614 894 1655 et
930 1603 1175 1664 nitida,
1212 1620 1348 1672 quae
1377 1619 1565 1652 omnes
1602 1601 1842 1652 laevib'us
1879 1610 2002 1650 tan-

155 1711 291 1768 tum,
327 1719 425 1751 nec
461 1702 824 1752 constantibus
863 1701 1007 1750 notis
1046 1701 1109 1749 ab
1145 1700 1377 1750 invicem
1416 1697 1685 1749 differunt.
1761 1694 2003 1747 Occurrit

154 1797 430 1868 tripedalis
467 1807 520 1848 et
556 1797 652 1846 vix
687 1794 880 1865 pedem
918 1797 1058 1859 alta,
1109 1793 1269 1845 valde
1319 1795 1612 1863 pubescens
1648 1800 1705 1842 et
1741 1792 2004 1856 glabrius-

156 1895 286 1958 cula,
322 1893 465 1943 foliis
502 1893 670 1942 ternis
708 1901 793 1957 et,
844 1892 1015 1941 rarius
1055 1889 1300 1959 quidem,
1340 1888 1628 1958 oppositis,
1667 1887 2001 1939 brevioribus

156 1998 210 2039 et
244 1987 519 2053 elongatis,
560 1987 937 2038 obtusiusculis
971 1996 1030 2038 et
1067 1983 1556 2037 acuminatissimis.
1635 1980 1822 2052 Spicae
1855 2001 2011 2034 sem--

154 2102 250 2154 per
282 2085 464 2154 plures
512 2084 573 2135 in
612 2083 759 2153 apice
807 2083 969 2132 caulis
1018 2091 1072 2132 et
1119 2099 1188 2131 ex
1239 2081 1422 2132 axillis
1466 2079 1856 2149 superioribus,
1907 2078 2002 2130 sed

154 2189 270 2229 tum
306 2181 611 2244 elongatae,
649 2180 823 2242 laxae,
864 2179 1033 2228 immo
1070 2185 1342 2238 nutantes,
1378 2184 1495 2224 tum
1534 2177 1721 2225 breves
1759 2183 1813 2225 et
1849 2176 2001 2224 stric-

154 2285 260 2326 tae.
315 2273 382 2325 In
411 2275 656 2324 omnibus
690 2290 821 2324 vero
852 2271 1232 2342 speciminibus
1253 2271 1380 2320 folia
1416 2270 1529 2319 basi
1561 2278 1848 2334 attenuata,
1887 2288 2001 2320 ser-

155 2380 373 2427 raturae¹
408 2370 686 2438 aequales,
737 2368 917 2438 spicae
964 2368 1327 2438 paniculatae‚
1388 2366 1628 2414 bracteae
1676 2363 2000 2434 pedicellum

155 2474 462 2534 aequantes»,
498 2465 734 2516 stamina
771 2466 1050 2533 stylusque
1084 2463 1182 2514 ‘vix
1219 2461 1472 2511 corollam
1504 2469 1839 2528 superantes,
1878 2479 2001 2531 cap-

156 2561 306 2612 sulae
324 2561 504 2627 ‘calyce
529 2559 699 2609 multo
735 2560 1020 2626 longiores,
1060 2559 1156 2610 vix
1177 2554 1436 2621 turgidae,
1475 2556 1996 2625 compressiusculae.

693 2675 760 2743 3)
807 2676 1097 2729 VERoch
1135 2689 1358 2729 sucin
1391 2671 1461 2726 L.

155 2781 234 2850 V.
278 2781 453 2865 spica
509 2784 838 2844 terminali
883 2784 1199 2858 solitaria,
1254 2780 1423 2842 foliis
1466 2776 1851 2845 radicalibus
1895 2782 1998 2843 ob-

237 2892 445 2976 longis
498 2893 806 2967 crenati53
863 2893 1133 2954 caulinis
1185 2875 1870 2972 oblongo-lanceolatis
1923 2894 1999 2952 li-

242 3001 945 3062 neari-lanceolatisve
1000 3001 1272 3062 dentatis
1327 3003 1513 3082 apice
1563 3002 1999 3084 integerrimis

248 3110 555 3188 fcaulefque
625 3108 1034 3170 adscendente
1101 3109 1632 3193 subglanduloso-
1665 3110 2000 3191 pubescen-

242 3217 429 3278 tibus.

303 3324 375 3378 V.
412 3323 610 3395 spicata
646 3323 866 3393 Spreng.
905 3325 1032 3392 Sys!
1067 3345 1176 3391 veg.
1218 3323 1267 3378 Ι.
1303 3347 1356 3396 p.
1388 3324 1477 3379 71.
1517 3320 1622 3376 No.
1666 3320 1749 3377 11.
1787 3354 1859 3363 —-
1910 3327 1992 3375 ΠΤ.

373 3440 428 3475 α.
465 3420 614 3472 Bieb.
656 3421 732 3472 Fl.
767 3430 908 3472 taur.
950 3439 1096 3474 caue.
1133 3422 1180 3474 I.
1210 3442 1269 3491 p.
1299 3422 1351 3475 8.
1390 3423 1494 3474 No,
1527 3420 1612 3472 17.
1651 3450 1722 3461 —
1783 3421 1991 3472 Patrm.
