2089 3723
182 124 309 184 268
735 116 832 218 Cl.
874 120 951 181 V.
1040 119 1433 180 Pentandria.

183 279 308 339 lata,
348 275 497 345 apice
532 270 904 338 emarginata,
931 278 1106 342 calyce
1142 275 1408 325 breviora.
1482 269 1724 339 Stylt-rs
1761 272 2014 339 glaberri-

183 390 320 438 muS,
358 369 568 422 bifidus.
620 368 805 432 Bacca,
842 371 897 420 in
935 390 970 423 α
1002 371 1176 434 rubra,
1205 369 1535 434 glaberrima,
1575 367 1739 419 acida.
1797 367 2023 419 Fructus

182 471 564 523 varietatis
600 461 644 530 β
673 465 862 530 ignoti.

440 631 504 694 2)
551 631 719 685 Pauus
756 644 1251 683 ATROPURPUREUM.
1312 626 1371 679 C.
1413 627 1493 679 A.
1530 627 1740 696 Meyer.

182 768 255 826 R.
300 764 480 826 caule
523 773 761 836 erecte,
804 760 976 821 foliis
1018 757 1498 839 pubescentibus
1543 753 2020 820 suborbiculatis

267 871 538 936 cordatis
583 871 791 932 3-5
835 869 1098 930 lobisve:
1155 867 1312 928 Iobis
1357 869 1558 929 acutis
1603 867 1881 940 serratis,
1925 886 2021 924 ra·

269 982 470 1044 cernis
515 979 897 1053 nutantibus,
943 976 1262 1058 pedicellis
1304 977 1625 1038 bracteam
1675 974 2021 1057 superanti-

267 1093 415 1166 bus,
467 1087 796 1171 calycibus
849 1086 1427 1166 subcampanulatis
1483 1086 1750 1160 ciliatis,
1810 1083 2024 1144 baccis

269 1199 506 1286 glabris
550 1195 1002 1259 ebracteolatis.

323 1311 390 1364 R.
429 1318 897 1379 atropurpureum.
966 1304 1156 1356 Ledeb.
1195 1303 1269 1354 Ic.
1307 1307 1381 1372 pl,
1421 1302 1502 1355 Fl.
1541 1320 1670 1355 ross.
1711 1305 1802 1354 alt.
1839 1303 2026 1351 illustr.

395 1415 434 1456 t.
467 1400 590 1456 231.
1860 1399 1866 1402 “

260 1522 316 1560 α,
368 1499 589 1551 floribus
625 1495 1045 1566 atropurpureis,
1097 1493 1240 1544 foliis
1278 1494 1463 1544 subtus
1498 1509 1652 1563 parce
1688 1491 2027 1563 pubescenti-

331 1598 442 1659 bus,
482 1610 641 1664 supra
677 1593 930 1661 cauleque
967 1591 1162 1656 glabris
1199 1590 1458 1640 laevibus.

258 1692 318 1762 β.
367 1689 586 1741 floribus
630 1727 641 1738 .
685 1727 697 1738 .
738 1724 754 1740 .
792 1723 806 1734 ·
847 1724 861 1737 .
904 1723 951 1763 :⁹
997 1686 1144 1737 foliis
1191 1687 1374 1736 subtus
1409 1701 1564 1755 parce
1599 1681 2023 1754 pubescentibu5‚

331 1802 486 1856 supra
523 1801 644 1834 cum
680 1779 893 1852 petiolis
932 1781 1187 1849 cauleque
1225 1778 1691 1850 setoso-hispidi&

261 1902 312 1955 y.
366 1879 585 1932 floribus
624 1876 991 1938 dilatioribus,
1044 1875 1187 1928 foliis
1238 1876 1484 1944 utrinque
1519 1874 1741 1942 (subtus
1777 1871 2029 1938 densius)

333 1974 754 2046 pubescentibus,
796 1973 944 2023 caule
980 1972 1140 2024 laevi.

198 2074 300 2126 V'a
317 2093 365 2124 r.
398 2090 452 2124 α.
492 2069 717 2120 occurrit
752 2069 808 2119 in
845 2068 1106 2120 montosis
1153 2076 1208 2118 et
1242 2068 1536 2138 subalpinis
1584 2066 1649 2116 ad
1688 2066 1817 2117 fluv.
1873 2063 2031 2116 Ursul

301 2178 353 2219 et
389 2166 625 2217 bolschoi
662 2163 994 2230 Ulegumen,
1039 2164 1202 2214 etiam
1250 2164 1308 2213 in
1360 2163 1475 2232 ripa
1513 2162 1663 2213 fluvii
1702 2161 2031 2227 Tscbarysch

306 2260 462 2333 (B.);
512 2276 677 2330 prope
723 2259 962 2310 fodinam
1007 2256 1392 2312 Laserewskoi
1442 2256 1588 2326 (Lm)
1625 2289 1698 2297 —-
1769 2258 1834 2309 V
1839 2277 1927 2309 ar.
1977 2254 2031 2320 β.

302 2362 438 2410 lecta
474 2355 540 2405 ad
576 2355 629 2405 fl.
672 2356 910 2406 bolschoi
938 2353 1239 2420 Ulegumen
1267 2355 1410 2419 (B.).
1449 2380 1522 2389 —-
1578 2354 1680 2406 Va
1697 2374 1742 2408 r.
1781 2374 1830 2424 γ.
1870 2371 2054 2424 prope,

304 2451 576 2506 Riddersk
610 2450 745 2516 (L.).
787 2478 856 2490 —
900 2453 978 2513 1¹7.
1018 2450 1094 2502 ΕΙ.
1136 2451 1331 2520 Aprili,
1369 2449 1531 2516 Majo.

338 2573 533 2625 Frutex
573 2580 770 2622 statura
822 2580 875 2621 et
920 2573 1105 2623 habitu
1141 2571 1209 2623 R.
1266 2571 1470 2625 rubri.
1545 2570 1811 2622 Petioli
1859 2571 2032 2637 3——2

202 2671 331 2743 poll.
367 2670 544 2732 longi,
595 2669 711 2717 basi
749 2667 871 2737 pilis
919 2669 1176 2733 elongatis
1215 2665 1578 2733 glanduliferis
1617 2666 1780 2716 ciliati
1828 2676 1880 2716 et
1914 2683 2032 2714 cum

202 2767 454 2818 foliorum
488 2762 814 2827 marginibus
852 2765 1137 2832 nervisque
1181 2763 1253 2821 (in
1295 2784 1329 2814 α
1368 2762 1698 2826 tenuissime,
1736 2763 1794 2812 in
1831 2781 1866 2831 y
1901 2759 2032 2810 den-

205 2863 345 2922 sius,
383 2859 436 2911 in
476 2859 515 2927 β
551 2857 644 2908 vix
684 2858 987 2927 conspicue)
1025 2861 1391 2928 pubescentes.
1465 2857 1740 2908 Praeterea
1775 2855 1909 2908 rami
1949 2858 2033 2918 ju-

205 2958 399 3019 nioreS,
436 2953 618 3023 petioli
651 2963 704 3003 et
740 2955 866 3005 folia
903 2955 1093 3005 vestita
1132 2963 1257 3004 sunt
1279 2995 1292 3019 ,
1339 2955 1397 3004 in
1436 2960 1778 3006 varietate
1812 2953 1868 3020 ῥ’,
1907 2951 2033 3001 setis

206 3049 416 3117 rigidis,
456 3048 785 3118 patentibus,
825 3046 1071 3115 glandula
1111 3050 1440 3109 terminatis,
1478 3067 1605 3117 quas
1643 3057 1781 3098 setas
1817 3047 1874 3096 in
1911 3064 2034 3097 va-

208 3144 589 3198 rietatibus
629 3164 662 3195 α
704 3155 755 3194 et
791 3163 826 3214 y
863 3162 1136 3214 nunquam
1184 3145 1506 3195 invenimus
1583 3142 1781 3193 Folia
1819 3142 1931 3191 sere
1966 3138 2030 3191 R.

208 3240 426 3305 rubri,
465 3239 599 3290 lobis
634 3250 813 3291 tamen
851 3240 1095 3292 distincta
1132 3241 1463 3308 (praesertim
1501 3240 1557 3288 in
1596 3242 1941 3288 varietate
1974 3240 2031 3305 γ)

211 3335 628 3407 productioribus
665 3345 718 3386 et
754 3337 1103 3397 acutioribus,
1152 3337 1336 3386 subtus
1382 3351 1536 3404 saepe
1587 3330 1832 3395 nitidula,
1880 3349 2033 3400 supra

212 3435 267 3486 in
307 3450 446 3484 vor.
486 3451 520 3485 α
557 3429 898 3497 glaberrima,
937 3432 991 3482 in
1032 3449 1175 3483 var.
1216 3433 1255 3499 ρ’
1288 3432 1472 3482 setulis
1512 3427 1770 3498 adpressis
1809 3443 2030 3496 exaspe-
