2089 3723
143 118 268 183 374
659 152 662 155 ,
715 114 813 178 Cl.
854 117 933 180 V.
1025 114 1423 176 Pentandria.

143 277 251 336 bus
298 276 579 338 instructi
615 255 941 341 sessilibu5‚
983 291 1216 354 semper
1262 272 1554 354 oppositis
1598 267 1726 346 (vel
1766 269 1989 330 abortu

146 386 446 460 alternis),
491 384 735 442 demum
778 383 843 439 in
887 382 1022 440 alas
1063 382 1101 442 3
1126 384 1225 440 vel
1251 379 1287 441 5
1332 378 1825 458 emerescentibu53
1868 395 1989 438 sta-

147 494 411 555 minibus
451 492 671 574 sepalis
718 493 1043 571 oppositis:
1088 490 1363 551 antheris
1400 488 1860 548 bilocularibus:
1905 492 1992 550 lo-

149 607 293 662 culis
333 604 673 661 lateraliter
699 597 1164 666 dehiscentibus;
1214 599 1474 659 utriculo
1509 596 1846 661 succulento
1876 604 1995 662 alis
2088 609 2089 617 ’

149 715 439 773 maximis
483 712 784 770 involuto.

329 826 535 882 Genus
583 819 806 881 Anah
825 816 984 879 asis
1035 837 1225 895 quam
1265 818 1538 875 maxime
1575 820 1878 887 naturale,
1922 839 1998 878 επ

154 952 274 1013 quo
320 933 406 989 ill.
454 932 611 988 Pall.
647 932 788 1010 jam
827 925 1177 986 removebat
1219 924 1299 985 Α.
1344 926 1996 1006 spinosissimam,

154 1039 926 1112 tamariscifoliam,
995 1035 1652 1116 oppositifloram
1712 1049 1772 1097 et
1840 1059 1998 1099 mo-

159 1151 576 1220 nandram,
636 1152 862 1229 quippe
916 1166 1074 1224 quae
1117 1160 1173 1204 et
1225 1159 1355 1204 toto
1400 1145 1614 1204 habitu
1667 1162 1722 1207 et
1758 1143 2003 1226 florum

160 1262 642 1342 stigmatumque
684 1270 995 1316 structura
1036 1255 1218 1314 valde
1252 1255 1554 1314 recedunt.

620 1382 677 1447 1)
732 1382 1016 1433 ANABASIS
1056 1397 1324 1432 APHYLLA.
1378 1381 1538 1432 Linn.

162 1491 242 1554 A.
286 1489 609 1563 fruticosa,
657 1491 837 1551 caule
881 1488 1313 1548 ramosissimo
1361 1488 1633 1568 aphyllo,
1679 1488 2003 1568 calycibus

246 1599 601 1662 fructiferis
647 1598 937 1659 trialatis.

307 1710 378 1760 A.
427 1708 654 1778 aphylla.
729 1708 815 1756 M.
854 1727 888 1757 α
925 1706 1070 1756 Bieb.
1123 1710 1177 1753 in
1215 1701 1383 1752 Me'm.
1433 1706 1520 1754 cles
1555 1705 1682 1753 Nat.
1732 1708 1796 1755 de
1830 1705 2004 1772 DIosc.

378 1805 426 1856 I.
458 1823 517 1873 p.
561 1802 661 1854 146
721 1813 768 1852 et
805 1803 911 1852 IV.
961 1821 1015 1869 p.
1060 1797 1143 1850 19.
1186 1798 1355 1867 (excl.
1392 1816 1574 1865 synon.
1619 1796 1768 1866 Cav.)
1803 1825 1874 1835 —-
1920 1801 2008 1852 M.

376 1919 410 1950 a
444 1899 591 1950 Bieb.
647 1898 729 1949 Fl.
781 1908 917 1948 taur.
966 1915 1112 1947 cauo.
1161 1895 1208 1945 I.
1255 1916 1312 1964 12-
1355 1893 1486 1959 1893
1539 1895 1640 1946 III.
1687 1915 1738 1962 p.
1784 1893 1905 1949 183.
1943 1924 2011 1935 —-

377 1997 576 2047 Schult.
618 1992 758 2062 Syst.
799 2012 912 2059 veg.
956 1992 1058 2042 VI.
1091 2011 1146 2059 p.
1176 1990 1297 2041 219.
1339 1992 1493 2055 (εει-01.
1534 2007 1717 2059 synon.
1754 1990 1906 2059 Cav.)
1941 2019 2011 2028 —

382 2093 602 2160 Spreng.
646 2090 787 2156 Syst.
830 2106 941 2154 veg.
984 2089 1031 2138 I.
1066 2108 1121 2156 p.
1164 2086 1285 2137 926.
1324 2115 1395 2122 —-
1446 2085 1663 2137 Goerln.
1707 2087 1753 2138 I.
1788 2108 1846 2156 p.
1885 2085 2009 2141 375.

378 2198 415 2238 t.
456 2186 763 2237 LXXVII.
801 2182 861 2248 f.
899 2181 950 2233 4.
990 2209 1061 2217 —
1122 2183 1257 2234 Pau.
1298 2189 1355 2232 it.
1405 2183 1475 2231 ΙΙ.
1523 2203 1579 2251 p.
1618 2181 1740 2233 486.
1781 2194 1829 2233 et
1875 2181 2012 2246 492;

375 2283 488 2333 III.
526 2302 581 2350 p.
622 2278 744 2331 316.
787 2304 856 2314 --
918 2279 1050 2328 Falk
1099 2289 1300 2347 topogr.
1342 2279 1522 2342 Beytr.
1562 2279 1635 2327 ΙΙ.
1681 2299 1739 2347 p.
1787 2277 1905 2331 141.
1942 2308 2014 2319 -—-

292 2369 302 2382 „
381 2379 585 2429 Sievers
622 2382 675 2426 in
715 2377 848 2426 Pan.
889 2396 938 2426 n.
977 2379 1127 2426 nord.
1166 2376 1347 2441 Beytr.
1390 2374 1524 2422 VII.
1562 2393 1617 2441 p.
1658 2372 1782 2424 282.

307 2471 379 2525 Α.
420 2473 655 2523 tatarica.
732 2471 864 2522 Pall.
908 2475 983 2521 ill.
1020 2475 1094 2539 pl.
1139 2477 1264 2539 imp.
1304 2489 1451 2535 cogn.
1495 2480 1531 2519 t.
1570 2468 1621 2520 8.

313 2569 384 2619 A.
427 2577 677 2618 cretacea.
733 2567 786 2635 β.
844 2568 988 2617 Pan.
1027 2572 1082 2616 it.
1124 2567 1171 2615 Ι.
1212 2564 1364 2634 App.
1400 2585 1453 2634 P·
1486 2564 1608 2616 493.
1645 2565 1750 2615 No,
1789 2563 1907 2618 109.

321 2663 545 2715 Salsola.
602 2662 700 2713 No.
745 2661 829 2714 78.
886 2662 1049 2713 Gmel.
1092 2662 1168 2712 Fl.
1209 2663 1304 2712 sib.
1343 2661 1454 2710 III.
1502 2681 1560 2728 p.
1601 2659 1720 2712 101.

312 2759 442 2811 Kali
505 2760 822 2809 bacciferum
878 2755 1200 2807 Salicorniae
1263 2757 1414 2806 facie.
1504 2757 1680 2807 Buxb.
1737 2755 1878 2807 Cent.
1931 2758 1979 2808 I.

381 2875 435 2923 p.
478 2853 562 2905 11.
619 2866 652 2903 t.
697 2851 783 2905 18.

207 2951 343 3002 Hah.
386 2948 452 3001 ad
502 2950 729 3000 fluvium
765 2948 962 3015 Irtysch
1015 2950 1152 2997 inter
1189 2947 1559 3013 Jfflnyschewa
1614 2954 1665 2994 et
1703 2943 2020 3007 Ssemijarsk

280 3063 444 3116 prope
482 3040 662 3095 Staniz
700 3043 1099 3113 Poclspusknoi‚
1150 3060 1245 3092 nec
1283 3060 1390 3091 non
1439 3042 1574 3091 inter
1613 3039 1930 3104 Ssemijarsk
1970 3051 2021 3091 et

286 3138 689 3192 Gratschewski
717 3139 921 3206 (Post).
964 3169 1032 3177 --
1069 3136 1131 3187 In
1173 3138 1377 3188 deserto
1416 3135 2020 3201 soongoro-kirghisico

292 3234 566 3303 (Sievers).
633 3238 707 3293 Ἐγ.

323 3330 362 3382 F
376 3333 567 3383 loros
616 3329 839 3384 bracteis
888 3326 952 3390 2,
1010 3328 1217 3398 parvis,
1267 3322 1753 3388 lineari-oblongis
1803 3322 2019 3374 suffulti.

185 3427 493 3481 Stamina
531 3430 594 3492 5,
646 3425 977 3512 receptaculo
1030 3425 1223 3476 inserta
1273 3430 1325 3473 et
1375 3436 1491 3471 cum
1528 3419 1817 3487 squamulis
1852 3421 2024 3490 hypo-
