2089 3723
89 108 217 154 vm
622 151 624 154 y
838 85 1174 149 Praefatio.

90 239 364 322 sihirica)
408 253 470 304 et
510 242 566 305 J.
593 243 892 304 AMMANI
914 240 1239 324 (stirpium
1277 242 1598 302 rariorum
1636 244 1704 301 in
1744 245 1934 325 imps-

85 378 185 436 rz‘o
219 374 484 437 rutheno
521 391 735 458 sponte
761 378 1258 467 provenientium
1282 377 1475 435 icones
1507 390 1561 434 ec
1585 377 1934 458 descriptio-

83 510 215 586 nes)
256 508 586 592 imprimis
629 520 772 570 sunt
815 508 1219 569 nominanda.
1299 509 1394 569 111.
1438 510 1523 570 M.
1571 525 1612 568 A
1656 511 1935 570 ΒΙΕΒΕΒ-

83 656 339 702 STEINH
383 640 646 705 Floram
688 644 1359 702 murico-caucasicam
1401 654 1463 703 et
1496 645 1609 704 cel.
1648 645 1934 704 BESSERI

83 773 640 835 Enumerationem
677 777 1045 857 plancarum
1074 775 1143 832 V
1140 776 1454 859 olhyniae,
1491 778 1789 836 Podo'liae
1828 791 1932 846 ete,

82 929 334 991 semper
370 909 499 971 suis
546 908 700 970 locis
739 909 1182 992 allegavimm,
1225 920 1296 969 ut
1328 910 1547 971 statim
1584 922 1931 990 appareret,

85 1017 806 1124 qu‘asnam'plantarum
851 1043 1090 1123 species
1134 1042 1311 1125 regio
1357 1041 1590 1106 altaica
1636 1063 1788 1104 cum
1831 1064 1931 1105 oc-

82 1174 499 1261 cidentalibus
540 1175 797 1237 Rossiae
842 1176 1192 1257 provinciis
1233 1196 1607 1237 communes
1652 1174 1928 1236 haberet.

80 1309 380 1373 Priorum
434 1308 644 1370 rarius
698 1305 985 1370 habenda
1028 1309 1153 1369 fuit
1208 1310 1370 1369 ratio
1427 1330 1577 1371 cum
1634 1311 1723 1369 ill.
1773 1312 1930 1369 PAL-

79 1457 200 1505 ωε
237 1443 329 1506 ita
367 1453 436 1505 ut
463 1444 750 1504 FALmUs
779 1454 840 1502 et
865 1443 1180 1518 SIEVERS‚
1225 1443 1332 1523 qui
1371 1443 1536 1504 hano
1581 1445 1929 1525 regionem,

79 1596 274 1656 quam
317 1587 471 1648 tunc
511 1577 817 1657 temporis
871 1575 1046 1637 adire
1091 1575 1201 1636 v'ix
1244 1573 1460 1652 licuit,
1515 1577 1645 1637 fere
1689 1592 1930 1659 praete-

79 1709 209 1772 rire
243 1711 470 1789 coacti,
511 1713 945 1794 plurimarum
986 1712 1346 1791 plantarum
1384 1710 1643 1773 nomina
1671 1722 1928 1789 *tantum

81 1856 463 1910 enumerant
496 1844 633 1909 sine
672 1847 802 1909 ulla
847 1855 991 1906 nota
1037 1842 1574 1920 characteristica,
1619 1845 1710 1908 ita
1753 1859 1822 1910 ut
1857 1847 1931 1910 de

78 1975 367 2058 pluribus
422 1980 745 2062 speciebus
763 2022 784 2056 ,
840 1997 1115 2060 quarum
1177 1978 1566 2039 mentionem
1620 1979 1929 2059 fecerunt,

75 2129 149 2174 eo
190 2120 444 2177 tantum
498 2113 661 2177 certi
710 2112 913 2177 simus
951 2111 1142 2187 facti,
1197 2110 1356 2191 quod
1413 2112 1665 2175 easdem
1709 2113 1777 2175 in
1820 2115 1927 2176 iis-

79 2244 228 2311 dem
273 2267 427 2311 cum
462 2246 594 2310 illis
635 2247 914 2330 legimus
957 2244 1129 2308 locis.

241 2379 407 2444 Sunt
448 2392 667 2444 autem
709 2400 949 2464 paucae
989 2401 1068 2440 ex
1109 2377 1209 2440 his
1247 2376 1491 2454 dubiae,
1538 2400 1690 2458 quas
1735 2381 1925 2440 extri-

72 2533 224 2578 care
258 2513 687 2596 nequivimUS,
720 2515 833 2577 sub
873 2533 1240 2594 unoquoque
1278 2532 1505 2594 genere
1541 2512 1923 2575 nominatae.

71 2646 329 2728 Species
375 2668 525 2710 vero
570 2649 902 2710 nonnullas
957 2669 994 2709 a
1035 2645 1612 2728 peregrinatoribus
1654 2647 1923 2712 laudatis

73 2791 497 2857 memor-mm,
556 2780 634 2843 de
689 2781 912 2862 quibus
971 2780 1258 2840 dubitare
1301 2779 1475 2841 nefas
1519 2792 1709 2855 esset,
1769 2803 1922 2861 quas

69 2935 223 2978 vero
267 2915 604 2979 observare
649 2913 827 2976 nobis
872 2934 993 2974 non
1039 2912 1339 2995 contigit,
1384 2915 1771 2994 recepimuS,
1815 2937 1920 2976 cu-

66 3049 168 3126 jus
218 3047 593 3111 auctoritate
650 3047 796 3107 freti
852 3066 974 3107 non
1019 3044 1371 3106 reticentes.
1458 3049 1917 3108 Nonnullarum

69 3190 382 3243 nevarum
428 3180 787 3263 specierum
832 3178 977 3241 aliis
1021 3177 1296 3242 Sibiriae
1346 3180 1625 3260 partibus
1676 3179 1918 3261 indige-

71 3333 302 3376 narum
342 3314 793 3397 descriptiones
838 3313 915 3376 ad
951 3313 1196 3375 calcem
1234 3312 1504 3396 paginae
1538 3311 1762 3391 adjeci,
1805 3312 1914 3374 ubi
