2089 3723
155 99 242 158 22
544 88 562 96 ’
756 92 856 158 Cl.
895 96 975 160 ΙΙ.
1057 93 1391 157 Diandria.

153 248 569 322 Serpyllum
604 261 658 304 et
692 243 1067 303 Acinum?”
1105 267 1205 300 nec
1245 265 1383 299 non:
1425 247 1611 312 „folia
1645 246 1845 318 glabra,
1879 245 1998 299 basi
2068 315 2071 324 Ο

161 345 387 400 ciliata.”
437 337 572 419 quae
611 345 791 401 omnia
826 343 973 397 haud
1008 345 1142 396 bene
1178 351 1474 410 congruunt
1507 339 1590 407 ἢ..
2070 331 2071 335 “

671 473 732 533 3)
785 470 1096 524 leu’noRA
1133 487 1371 523 TENUIOR
1402 470 1474 523 L.

162 577 238 645 Z.
275 578 536 641 floribus
579 578 950 640 axillaribus
993 576 1268 660 geminis
1311 576 1413 636 vel
1455 571 1794 654 quaterniS,
1834 572 2005 635 foliis
2076 562 2089 636 ᾖ

246 685 657 748 inferioribus
689 672 1229 770 ovato-oblongi&
1271 685 1590 751 floralibus
1621 683 2005 745 lineari-ob·
2084 690 2089 702 ⁴

222 844 287 902 st)
339 846 601 904 Utramque
644 846 846 905 speciem
885 844 1292 904 conjungendam,
1341 857 1428 888 nec
1465 845 1519 891 Z.
1558 858 1695 903 serp
1710 842 2010 902 yllaceam
2084 822 2089 887 ,ᾖ

279 928 586 986 separandam
627 927 783 974 credo·
838 930 996 984 Haec,
1031 936 1085 972 ut
1121 927 1455 986 speciminibus
1493 941 1642 984 prope
1680 926 1845 970 urbem
1876 927 2011 971 Tiflis

283 1011 414 1055 lectis
441 1011 664 1066 edoceor‚
704 1026 805 1055 non
836 1010 1018 1064 differt,
1059 1011 1155 1054 nisi
1181 1010 1310 1054 foliis
1336 1008 1711 1066 angustioribus,
1755 1024 1873 1067 quae
1901 1024 2012 1053 vero

279 1093 422 1138 etiam.
462 1093 516 1137 in
551 1094 606 1138 Z.
650 1092 1154 1152 clinopodioide
1201 1091 1449 1136 latitudine
1488 1091 1686 1135 variant.
1765 1091 1923 1135 Flores
1964 1093 2014 1135 in

281 1176 504 1221 omnibus
541 1175 671 1221 hisce
713 1191 813 1220 non
853 1177 903 1219 in
947 1176 1223 1219 fasciculum
1263 1173 1555 1219 terminalem
1598 1174 1800 1229 collecti,
1848 1174 1926 1219 sed
1964 1175 2016 1218 in

283 1260 435 1304 axillis
464 1259 690 1304 {oliorum
722 1274 881 1303 versus
911 1259 1088 1317 apicem
1119 1257 1261 1302 caulis
1290 1257 1744 1301 confertissimorum
1778 1257 2017 1302 fascicula-

285 1343 374 1387 tim
414 1339 768 1401 provenientes,
814 1341 1090 1385 fasciculum
1130 1339 1425 1384 terminalem
1462 1340 1755 1385 mentientes.
1813 1340 2018 1385 Subinde

279 1425 531 1470 inferiores
560 1425 721 1469 axillae
761 1423 994 1468 floriferae
1031 1437 1057 1466 a
1098 1422 1419 1481 superioribus
1454 1423 1599 1480 magis
1630 1423 1803 1468 distant
1844 1436 1889 1468 et
1931 1424 2019 1467 flo-

282 1522 392 1552 rum
421 1521 646 1552 numerus
676 1487 974 1559 diminuitur,
1004 1519 1143 1563 quam
1173 1505 1346 1548 florum
1376 1505 1754 1550 distributionem
1781 1506 1832 1549 in
1862 1507 2020 1550 omni-

246 1587 249 1590 *
283 1591 373 1636 bus
403 1589 531 1634 hisce
569 1589 811 1648 speciebus
843 1588 1031 1633 obviam
1068 1603 1342 1638 „racemum
1381 1587 1670 1631 terminalem
1713 1593 1973 1646 capitatum
1988 1592 2017 1614 '’

284 1680 624 1732 nuncuparunt
661 1679 895 1715 auctores.
953 1668 1199 1727 Ejusmodi
1241 1670 1477 1727 specimen
1514 1685 1539 1714 a
1570 1669 1627 1715 cl.
1659 1669 1890 1728 Rudolph
1920 1671 1950 1714 1.
1978 1685 2022 1720 c.

284 1763 322 1800 t.
352 1754 465 1800 XII.
497 1754 778 1798 delineatum
807 1748 1022 1797 habitum
1059 1752 1244 1810 plantae
1275 1751 1706 1795 Biebersceinianae
1752 1751 1875 1796 haud
1906 1753 2023 1799 bene

285 1838 524 1898 exprimit.
584 1837 716 1882 Folia
745 1845 979 1896 punctata,
1008 1835 1086 1881 vel
1109 1835 1264 1893 poti-us
1293 1833 1493 1890 globulis
1521 1834 1763 1892 pellucidis
1792 1836 2025 1894 adspersa,

287 1923 429 1967 etiam
457 1922 508 1964 in
537 1921 592 1964 Z.
623 1918 1106 1978 clinopodioide
1137 1928 1183 1962 et
1217 1917 1417 1960 media
1455 1917 1782 1973 observantur,
1814 1919 2026 1975 globulo-

292 2019 402 2049 rum
445 2003 582 2062 copia
623 2003 798 2061 majore
840 2003 911 2046 vel
949 2001 1135 2046 minore
1173 2016 1261 2058 pro
1305 2000 1408 2043 solo
1451 2000 1658 2044 aridiore
1683 2001 1754 2045 vel
1788 2002 2029 2048 fertiliore.

291 2087 483 2147 Calyces
523 2086 574 2129 in
603 2085 657 2132 Z.
690 2085 1083 2144 serpyl-lacea
1117 2092 1161 2127 et
1201 2082 1685 2141 clinopodioide
1724 2085 1848 2143 pube
1887 2085 2030 2132 densa

290 2171 570 2232 plerumque
597 2168 730 2212 brevi
759 2168 976 2227 adpressa
1008 2173 1315 2218 canescentes,
1346 2166 1395 2207 in
1424 2166 1481 2208 Z.
1514 2166 1702 2210 media
1731 2167 1924 2226 insuper
1952 2167 2031 2226 pia,

290 2254 350 2298 lis
386 2252 678 2310 longioribus
718 2250 987 2309 patentibus·
1012 2248 1202 2306 hispidi.
1261 2248 1453 2290 Dantur
1489 2257 1644 2298 autem
1675 2251 1929 2307 specimina
1956 2265 2034 2296 can

290 2335 472 2396 lycibus
499 2332 799 2393 subh-ispidis‚
830 2347 947 2390 quae
978 2331 1227 2374 transitum
1259 2329 1597 2375 demonstrant.

322 2398 327 2402 '
410 2419 464 2462 Z.
493 2415 818 2465 acinoides
847 2413 915 2459 L.
945 2413 1202 2458 secundum
1230 2411 1367 2470 hujus
1397 2420 1443 2456 et
1478 2412 1643 2457 Vahlii
1670 2413 2032 2474 descriptionem

297 2502 440 2559 longe
469 2500 560 2544 alia
589 2499 750 2558 planta
778 2497 991 2552 videtur,
1021 2498 1076 2544 Z.
1108 2495 1470 2554 hispanicae
1499 2497 1644 2554 magis
1679 2497 1859 2552 affinis,
1888 2512 2031 2556 quam

299 2580 796 2642 cli-nopodioidi,
842 2580 996 2625 radice
1033 2594 1212 2630 annua-3
1252 2577 1444 2623 floribus
1475 2578 1745 2624 lateralibus.
1772 2581 1844 2636 (in
1872 2581 2034 2639 planta

299 2667 443 2724 culta)
475 2681 558 2724 per
599 2673 745 2709 totam
786 2664 884 2708 tere
919 2662 1081 2707 caulis*
1106 2660 1448 2718 longitudinem
1486 2661 1748 2720 dispositis,
1790 2664 1841 2706 in
1872 2663 2032 2722 quavis

298 2749 438 2795 axilla
462 2747 743 2808 plerumque
772 2746 970 2805 geminis
1001 2745 1072 2788 vel
1103 2745 1279 2798 ternis,
1320 2745 1472 2788 rarius
1504 2745 1725 2789 solit-ariis
1768 2745 1874 2798 (nec
1902 2760 2035 2788 race-

302 2830 703 2889 moso-sp-icatis‚
742 2837 794 2874 ut
819 2830 867 2872 in
896 2829 951 2873 Z.
983 2827 1370 2886 hispanica);
1415 2827 1543 2871 foliis
1573 2828 1791 2872 omnibus
1823 2843 1847 2871 a
1877 2825 2033 2871 medio

302 2916 362 2963 ed
387 2914 524 2957 basin
553 2927 727 2970 usque,
757 2914 908 2956 rarius
938 2927 991 2954 ex
1020 2919 1121 2954 toto
1154 2910 1348 2966 ciliatis,
1389 2911 1690 2963 acuminati33
1733 2910 2034 2954 inferioribus

303 2995 664 3043 suborbiculatis
706 2995 780 3039 vel*
807 2995 1043 3039 obovato-
1064 2993 1360 3048 orbiculatis,
1404 2994 1580 3052 apicem
1611 3009 1772 3037 versus
1815 2992 2036 3049 utrinque

308 3056 558 3126 denticulis
599 3078 782 3121 duobus
825 3078 896 3120 vel
937 3077 1089 3121 tribus
1130 3078 1400 3132 instructis,
1442 3069 1672 3119 caeterum
1700 3074 2035 3130 integerrimis3

308 3164 632 3223 superioribus.
657 3170 737 3212 aut
766 3160 968 3216 eiusdem
996 3160 1184 3214 formae,
1215 3169 1293 3204 aut
1318 3158 1648 3217 lato-ellipticis
1667 3167 1711 3201 et
1732 3165 1843 3200 tunc
1865 3171 1917 3200 ex
1939 3164 2036 3200 toto

311 3248 650 3304 integerrimi-s?
685 3244 820 3289 caule,
854 3245 1060 3303 und-ique
1101 3243 1210 3302 pilis
1241 3243 1460 3287 brevibus
1491 3241 1654 3285 albidis
1683 3239 1866 3283 deflexis
1898 3239 2035 3281 dense

313 3331 531 3381 obtecto-2
567 3330 800 3388 calycibus
830 3329 1000 3372 striatis
1046 3325 1602 3384 ineam-pubescentibus
1633 3331 1678 3368 et
1707 3325 1899 3380 insuper
1929 3321 2034 3379 pilis

311 3413 622 3480 longimeulisj
646 3419 832 3463 erecto-
850 3410 1112 3476 patentibns
1142 3408 1442 3477 subhiQpidis.
1639 3461 1669 3502 I
